3134 5034
1189 312 1619 376 ...25-

292 504 402 561 hoc
447 501 645 559 odium
694 521 811 558 non
858 519 1008 557 unus
1054 497 1221 556 Beda
1269 502 1685 557 commemorat
1731 497 1812 571 (h.
1845 517 1893 554 e.
1929 498 1988 569 2,
2021 497 2103 553 20
2154 495 2188 572 ξ
2229 494 2379 572 147)
2425 493 2529 553 sed

291 592 682 669 comprobant
725 589 989 667 ipsorum
1021 587 1353 659 Britonum,
1400 607 1550 663 quae
1597 591 1835 644 exstant
1880 585 2099 644 saeculi
2130 579 2239 644 VIi
2288 589 2349 643 et
2378 580 2527 644 VIIi

289 680 551 739 carmina
600 679 695 753 (cf.
728 677 1143 755 Lappenberg,
1192 675 1547 736 Geschichte
1594 695 1709 733 von
1739 673 2019 751 England
2064 695 2120 751 p.
2153 672 2528 749 XXXVII).

469 770 633 842 Quae
683 786 812 824 cum
858 767 945 824 ita
990 765 1141 839 sint,
1206 769 1332 841 jam
1389 770 1639 842 apparet
1694 763 2158 822 controversiam
2215 784 2284 822 ea
2338 770 2528 840 parte,

293 863 584 935 quatenus
631 876 703 914 ex
749 876 976 913 morum
1021 854 1371 914 diversitate
1428 858 1560 911 orta
1617 859 1776 925 erat,
1840 872 2080 929 gravem
2141 873 2260 910 non
2318 852 2528 921 fuisse3

291 954 493 1005 tamen
539 947 869 1003 accuratius
918 944 1087 1002 nobis
1140 942 1633 1020 perscrutandum
1689 946 1801 1015 est,
1864 941 2105 1017 quinam
2165 941 2387 999 fuerint
2442 939 2530 998 illi

290 1035 472 1111 prisci
531 1054 737 1092 mores.
848 1033 1014 1092 Duos
1075 1032 1482 1109 Augustinum
1543 1030 1712 1089 Beda
1771 1029 1916 1089 facit
1975 1034 2528 1088 commemorantem

293 1124 373 1198 (h.
420 1140 467 1181 e.
518 1124 574 1195 2,
622 1124 661 1179 ‘2
712 1123 746 1199 ἓ
799 1123 924 1197 93),
993 1122 1349 1200 peculiarem
1396 1120 1539 1180 festi
1583 1120 1876 1198 paschalis
1924 1119 2422 1199 computationem
2470 1124 2530 1176 et

291 1211 637 1290 baptizandi
683 1232 916 1269 morem.

469 1301 563 1359 De
595 1300 1037 1377 computatione
1068 1300 1206 1358 festi
1237 1299 1530 1377 paschalis
1579 1318 1760 1376 supra
1797 1301 1924 1374 jam
1972 1297 2116 1357 satis
2162 1296 2528 1375 disputatum

291 1395 396 1448 est.
489 1389 851 1467 Baptizandi
911 1395 1107 1447 autem
1168 1389 1270 1465 qui
1331 1388 1511 1446 fuerit
1580 1407 1706 1446 mos
1767 1385 2086 1444 Britonum
2105 1431 2119 1460 ‚
2188 1406 2298 1464 pro
2369 1390 2529 1443 certo

289 1478 576 1538 affirmari
624 1498 741 1536 non
786 1483 984 1555 potest
1031 1478 1127 1553 (cf.
1159 1477 1379 1553 Bright
1425 1499 1480 1555 p.
1516 1477 1646 1554 80).
1741 1475 2022 1534 Testibus
2068 1475 2213 1534 viris
2259 1473 2528 1532 doctissi-

289 1568 400 1626 mis
431 1567 512 1625 H.
561 1567 678 1625 and
710 1567 798 1626 St.
847 1567 922 1642 (Ι,
970 1589 1026 1644 p.
1067 1566 1188 1624 153
1223 1569 1336 1643 sq.)
1384 1585 1633 1642 quorum
1680 1563 2034 1623 sententiam
2080 1564 2386 1623 verbosius
2432 1583 2529 1621 ex·-

290 1654 562 1734 planavit
607 1656 957 1714 Warrenius
1005 1657 1085 1732 (p.
1136 1657 1349 1712 64-6
1362 1658 1424 1731 7)
1482 1654 1741 1712 omnium
1802 1657 2272 1729 conjecturarum
2327 1651 2528 1711 verisi-

293 1745 537 1803 millima
583 1750 697 1815 est,
745 1745 905 1820 quod
950 1745 1108 1822 apud
1154 1744 1435 1802 Britones
1481 1743 1738 1802 infantes
1784 1742 2127 1820 baptizandi
2175 1743 2354 1801 semel
2400 1747 2529 1799 tan·

293 1839 418 1891 tum
464 1833 527 1890 in
573 1852 786 1908 aquam
833 1835 1251 1909 mergebantur
1296 1853 1413 1891 non
1444 1839 1555 1905 ter,
1603 1832 1756 1891 sicut
1786 1851 1911 1891 mos
1952 1836 2084 1890 erat
2111 1830 2530 1889 Romanorum.

292 1923 428 1980 Hac
475 1941 618 1998 ergo
665 1924 1003 1996 conjectura
1049 1922 1499 1996 acquiescamus.

475 2006 700 2081 Cetera,
743 2028 891 2090 quae
920 2007 1199 2069 Britones
1230 2019 1481 2091 ayerent,
1527 2007 1793 2090 quamvis
1830 2005 2089 2067 ‘moribus
2120 2004 2533 2066 Romanorum

291 2097 612 2172 contraria,
681 2097 1099 2180 aequanimiter
1157 2107 1362 2157 cuncta
1424 2117 1482 2158 se
1540 2094 1921 2156 toleraturum
1980 2115 2097 2156 esse
2156 2095 2531 2172 Augustinus

291 2194 444 2253 teste
487 2187 658 2246 Beda
704 2188 784 2263 (h.
833 2208 880 2245 e.
931 2189 987 2259 2,
1024 2189 1060 2244 2
1109 2188 1145 2264 ξ
1196 2187 1304 2264 93)
1352 2187 1639 2264 promisit.
1732 2185 1988 2245 Leviora
2036 2205 2174 2263 ergo
2221 2185 2365 2263 ipsis
2411 2185 2530 2243 Ro·

291 2276 482 2335 manis
528 2276 902 2335 videbantur.
996 2274 1115 2334 Sed
1175 2296 1552 2352 quaeramus,
1624 2294 1775 2350 quae
1836 2275 2074 2333 fuerint.
2163 2275 2531 2333 Peculiarem

291 2373 569 2425 tonsurae
615 2366 860 2423 formam
908 2365 970 2422 in
1018 2364 1110 2423 his
1155 2365 1362 2437 fuisse,
1433 2384 1774 2441 quanquam
1828 2364 1997 2422 Beda
2051 2364 2124 2422 de
2181 2363 2533 2423 Britonibus

293 2475 474 2532 agens
520 2454 593 2512 de
639 2474 709 2512 ea
755 2455 1111 2512 mentionem
1165 2474 1284 2512 non
1338 2455 1505 2525 fecit,
1575 2454 1962 2530 comprobant
2022 2473 2154 2511 cum
2216 2473 2310 2526 ea,
2381 2472 2533 2528 quae

293 2564 474 2621 supra
520 2543 593 2601 de
633 2541 866 2602 Galliae
913 2550 974 2602 et
1018 2543 1348 2621 Hispaniae
1393 2543 1746 2602 Britonibus
1791 2542 2161 2620 protulimus,
2209 2549 2335 2600 tum
2381 2539 2531 2599 Ald-

292 2630 472 2691 helmi
533 2632 769 2691 abbatis
830 2652 980 2708 quae
1043 2638 1241 2691 exstat
1301 2632 1371 2708 (J
1371 2631 1509 2704 affe,
1573 2631 1948 2690 Bibliotheca
2003 2651 2115 2688 rer.
2163 2629 2363 2689 Germ.
2410 2628 2531 2687 ΙΠ.

293 2742 386 2799 ep.
427 2723 477 2794 1,
510 2742 567 2798 p.
602 2723 682 2778 26
718 2724 832 2798 sq.)
879 2721 1136 2798 epistula
1176 2721 1251 2779 ad
1282 2719 1641 2780 Geruntium
1685 2740 1886 2796 regem
1916 2719 2289 2778 Damnoniae
2335 2719 2534 2794 (hodie

293 2806 653 2869 Devonshire
699 2815 760 2868 et
810 2806 1198 2885 Cornwallis).
1290 2809 1407 2869 Sed
1452 2815 1693 2887 praeter
1736 2808 1845 2866 hos
1889 2828 2110 2881 mores,
2187 2810 2248 2884 1)
2296 2828 2532 2884 compu-

296 2899 586 2959 tationem
615 2898 754 2957 festi
784 2899 1095 2976 paschalis,
1146 2900 1211 2974 2)
1243 2898 1593 2975 baptizandi
1638 2897 1808 2968 ritus,
1859 2897 1923 2971 3)
1954 2901 2236 2955 tonsurae
2267 2897 2533 2968 formam,

295 2988 474 3046 etiam
522 2987 669 3047 alios
715 3007 1056 3046 enumerare
1103 3006 1429 3065 possumus.

472 3076 557 3136 Et
604 3082 815 3153 quarto
849 3076 1086 3153 quidem
1115 3077 1244 3134 loco
1275 3075 1603 3153 peculiares
1634 3074 2026 3134 ordinationis
2067 3075 2234 3147 ritus,
2282 3093 2534 3150 quorum

296 3165 519 3224 mentio
581 3185 760 3243 supra
822 3171 910 3224 est
971 3166 1131 3224 facta
1192 3166 1273 3243 (p.
1328 3167 1453 3240 17).
1522 3164 1875 3223 Lectionum
1922 3163 2077 3222 enim
2125 3182 2352 3237 cursus,
2415 3183 2533 3239 quo

298 3255 577 3315 Britones
620 3260 773 3313 teste
820 3253 1000 3312 Gilda
1044 3255 1394 3328 utebantur,
1456 3254 1606 3314 alius
1661 3258 1789 3311 erat
1850 3260 2030 3329 atque
2073 3254 2137 3311 in
2184 3253 2398 3311 ceteris
2445 3273 2533 3311 ec-

298 3344 516 3416 clesiis,
563 3365 671 3402 nec
715 3363 835 3402 non
879 3344 1187 3421 proprium
1235 3349 1362 3402 erat
1408 3342 1743 3414 Britonum,
1792 3341 1951 3417 quod
1989 3376 2062 3384 —
2097 3341 2305 3400 eodem
2352 3339 2534 3399 Gilda

293 3439 446 3493 teste
491 3467 569 3476 —
614 3432 794 3491 etiam
842 3448 1048 3490 manus
1095 3432 1556 3491 ordinandorum
1605 3431 1917 3490 chrismate
1963 3430 2406 3508 inungebantur
2438 3430 2534 3504 (cf.

294 3523 548 3581 Warren
602 3543 660 3599 p.
712 3519 793 3580 69
842 3541 928 3597 sq.
975 3521 1056 3579 H.
1102 3521 1220 3579 and
1267 3520 1354 3579 St.
1402 3519 1452 3593 Ι,
1508 3541 1564 3597 p.
1619 3519 1741 3577 155
1792 3540 1916 3578 nr0.
1966 3519 2048 3596 5).
2139 3518 2260 3577 Sed
2313 3519 2425 3577 hac
2470 3518 2534 3576 in

295 3630 359 3668 re
406 3609 823 3686 negligendum
870 3630 987 3668 non
1034 3616 1140 3683 est,
1189 3610 1436 3668 eundem
1484 3628 1704 3667 morem
1750 3608 2220 3685 inungendarum
2255 3628 2533 3666 manuum

293 3704 505 3777 postea
548 3698 802 3756 inveniri
846 3698 910 3755 in
956 3699 1085 3775 ipsa
1131 3699 1464 3775 Anglorum
1513 3696 1758 3756 ecclesia
1805 3697 2115 3772 (warren,
2163 3720 2220 3776 p.
2272 3699 2353 3755 70
2403 3699 2532 3773 sq.).

251 3790 256 3795 ’
472 3786 698 3860 Quinto
758 3787 887 3844 loco
949 3787 1063 3847 viri
1124 3787 1450 3846 doctissimi
1504 3787 1586 3845 H.
1634 3786 1751 3845 and
1798 3783 1889 3845 St.
1937 3792 2396 3845 commemorant
2458 3785 2533 3862 (I,

295 3898 352 3955 p.
392 3876 514 3934 155
561 3896 687 3934 nro.
723 3876 787 3951 6)
835 3875 1149 3935 Britonum
1195 3896 1416 3934 morem
1461 3875 1643 3935 fuisse
1691 3874 1998 3952 episcopos
2044 3875 2410 3935 consecarari
2458 3876 2534 3933 ab

295 3985 412 4024 uno
444 3966 633 4024 altero
667 3964 944 4042 episcopo
975 3985 1094 4022 non
1134 3965 1339 4024 accitis
1370 3965 1601 4024 duobus
1648 3965 1796 4037 aliis,
1843 3964 2018 4024 sicuti
2067 3984 2316 4023 canones
2363 3985 2532 4041 prae·

295 4055 541 4132 cipiunt.
632 4053 766 4112 Hoc
820 4056 945 4130 jam
991 4052 1340 4112 Warrenius
1387 4056 1467 4132 (p.
1520 4055 1628 4129 69)
1675 4054 1739 4112 in
1802 4053 2235 4112 dubitationem
2297 4052 2535 4113 vocavit

297 4143 524 4221 optimo
570 4142 811 4220 quidem
850 4146 1001 4218 jure,
1049 4142 1153 4201 sed
1199 4143 1417 4202 leviore
1466 4143 1722 4219 quodam
1768 4148 2132 4220 argumento,
2196 4141 2535 4202 Verisimile

295 4253 410 4291 non
477 4253 628 4303 esse,
698 4232 810 4305 ait,
881 4231 1187 4304 Britones,
1249 4251 1507 4307 „quorum
1566 4232 1828 4309 episcopi
1891 4231 2136 4290 concilio
2191 4229 2534 4289 Arelatensi

296 4320 735 4395 interfuissent,
803 4327 1011 4399 postea
1080 4340 1345 4396 egressos
1407 4341 1531 4379 esse
1594 4326 1765 4379 extra
1833 4320 2008 4396 hujus
2079 4320 2264 4397 ipsius
2325 4319 2532 4395 synodi

294 4410 746 4489 praescriptum.
782 4413 932 4486 (can.
990 4410 1089 4467 20.
1145 4409 1364 4483 Mansi,
1423 4429 1641 4468 sacror.
1699 4409 1994 4468 concilior.
2051 4409 2225 4486 ampl.
2273 4410 2402 4467 coll.
2448 4407 2534 4483 II,
