3134 5034
1485 294 1928 351 -72-

577 469 904 532 solventur.
973 472 1131 532 Nam
1175 491 1309 530 cum
1353 470 1559 529 eodem
1592 490 1766 541 anno,
1810 489 1931 546 quo
1962 468 2301 528 Cumeanus
2333 467 2588 546 Segenio
2618 487 2835 527 renun-

582 560 781 633 ciavit,
828 560 1107 619 Hiienses
1154 565 1497 619 consecrato
1539 559 2055 635 Nordanhymbris
2102 559 2380 636 episcopo
2427 557 2833 635 principatum

585 668 756 708 suum
820 650 981 708 ultra
1026 647 1337 707 Pictorum
1394 648 1542 707 fines
1602 648 1667 706 in
1717 648 1910 726 ipsam
1954 646 2333 706 Britanniam
2378 645 2834 725 promovissent,

582 737 722 796 inde
780 738 857 795 ab
918 756 1073 796 anno
1124 737 1254 795 634
1299 737 1500 816 potior
1551 757 1694 816 pars
1754 736 2034 795 ecclesiae
2079 734 2714 795 Hiberno·Scotorum
2765 734 2835 792 in

577 826 1036 903 septentrionali
1079 824 1398 888 Britannia
1444 832 1591 899 erat,
1637 825 1703 884 in
1744 824 1963 884 finibus
2002 824 2326 897 Pictorum,
2372 823 2689 884 Scotorum
2717 821 2833 880 AJ-

584 914 951 988 banensium,
995 915 1625 991 Nordanhymbrorum
1671 914 2039 991 aliorumque
2084 913 2404 973 Saxonum.

763 1001 884 1061 Sed
954 1023 1134 1062 unam
1200 1010 1381 1063 antea
1442 1023 1775 1083 proponere
1835 1003 2015 1063 liceat
2072 1001 2496 1079 quaestionem.
2600 1000 2834 1072 Nonne,

580 1110 820 1167 quaeso,
867 1109 1002 1151 cum
1045 1099 1172 1151 tam
1216 1093 1390 1153 facile
1436 1099 1499 1152 et
1540 1098 1667 1151 tam
1699 1093 1972 1151 celeriter
2003 1091 2280 1150 australis
2310 1089 2647 1149 Hiberniae
2676 1088 2833 1167 epis·

581 1180 718 1257 copi
749 1200 881 1239 cum
912 1180 1201 1240 Romanis
1230 1182 1576 1241 societatem
1605 1180 1867 1253 inierint,
1899 1180 2219 1240 absurdum
2251 1184 2357 1252 est,
2389 1199 2522 1238 cum
2553 1176 2834 1237 Ebrardo

584 1275 801 1346 putare
848 1275 910 1328 et
954 1269 1227 1328 doctrina
1272 1276 1334 1329 et
1378 1270 1642 1329 moribus
1684 1270 1863 1347 longe
1908 1269 2204 1328 diversam
2248 1267 2428 1327 fuisse
2475 1288 2512 1325 a
2554 1267 2835 1327 Romana

580 1357 890 1417 ecclesiam
921 1357 1275 1417 Scotorum?
1351 1356 1458 1417 An
1504 1357 1786 1417 credibile
1832 1365 1923 1418 est
1950 1357 2337 1430 Gumeanum,
2383 1356 2439 1415 si
2482 1356 2571 1415 ita
2601 1356 2832 1428 fuisset,

578 1445 654 1504 de
713 1447 881 1505 nulla
940 1446 1059 1505 alia
1117 1466 1184 1504 re
1246 1446 1364 1507 nisi
1424 1447 1498 1505 de
1559 1446 1929 1506 celebrandis
1981 1447 2150 1505 festis
2195 1445 2575 1523 paschalibus
2618 1444 2835 1504 diebus

581 1532 837 1610 Segenio
883 1534 1237 1613 scripsisse?
1309 1535 1469 1609 Quin
1516 1535 1696 1594 etiam
1741 1535 1871 1613 ipse
1917 1556 2075 1613 papa
2096 1540 2102 1545 ’
2120 1556 2256 1594 cnm
2286 1532 2481 1594 Scotis
2527 1553 2710 1611 agens
2754 1533 2836 1591 de

580 1623 749 1680 nulla
793 1622 911 1681 alia
954 1643 1019 1683 re
1065 1623 1182 1683 nisi
1212 1624 1287 1682 de
1318 1624 1725 1684 controversia
1755 1624 2020 1702 paschali
2051 1630 2114 1682 et
2143 1625 2216 1683 de
2245 1622 2572 1700 Pelagiana
2602 1622 2836 1681 haeresi

577 1716 792 1788 utpote
847 1711 1008 1788 apud
1053 1710 1265 1771 Scotos
1309 1713 1730 1773 revisviscente
1775 1714 1961 1772 verba
2006 1713 2149 1772 fecit
2194 1711 2388 1789 (Beda
2431 1712 2488 1769 h.
2533 1731 2584 1769 e.
2635 1713 2693 1784 2,
2748 1711 2831 1768 19

579 1799 617 1876 ξ
671 1798 797 1857 144
829 1802 945 1877 sq.)
992 1832 1077 1844 —
1124 1800 1526 1879 Conspicuam
1571 1802 1722 1860 illud
1767 1803 2041 1875 alterum,
2086 1801 2201 1861 etsi
2229 1800 2505 1859 Ebrardo
2550 1802 2639 1877 (p.
2677 1799 2832 1873 171)

573 1887 763 1947 risum
825 1888 1040 1961 movit,
1100 1889 1324 1968 quippe
1379 1891 1483 1967 qui
1537 1910 1659 1950 non
1706 1890 2052 1968 cognoverit
2095 1892 2159 1949 in
2203 1890 2358 1948 libro
2404 1888 2831 1948 Ardmachano

576 1976 827 2053 singulis
875 1978 1148 2056 epistulis
1175 1978 1451 2039 Paulinis
1496 2001 1533 2039 a
1561 1980 1830 2040 librariis
1859 1980 2184 2058 praemissa
2214 1999 2340 2038 esse
2373 1982 2726 2055 argumenta
2754 1996 2831 2035 ex

576 2063 867 2143 Pelagii
849 2086 911 2123 m
956 2068 1242 2144 epistulas
1272 2067 1558 2130 Paulinas
1589 2069 2056 2147 expositionibus
2084 2070 2397 2145 desumpta
2425 2066 2711 2142 (Betham
2741 2063 2828 2132 ΙΙ,

577 2175 637 2231 p.
687 2156 810 2220 261
864 2159 1038 2231 sqq.).
1115 2157 1283 2229 Quae
1327 2164 1529 2216 utrum
1575 2157 1824 2234 Pelagio
1870 2179 1949 2216 an
1986 2158 2355 2233 Hieronymo
2399 2155 2664 2233 ascripta
2706 2154 2829 2212 sint

577 2242 644 2300 in
690 2243 845 2301 libro
891 2244 1331 2318 Ardmachano,
1377 2246 1593 2319 nescio,
1639 2267 1774 2305 nam
1821 2266 2012 2322 neque
2054 2245 2408 2305 Bethamius
2454 2259 2659 2320 neque·
2681 2242 2824 2302 Ske-

578 2330 714 2389 nius
761 2330 872 2405 (II,
919 2351 979 2408 p.
1028 2332 1183 2407 424)
1232 2333 1306 2391 de
1359 2334 1471 2394 hac
1524 2355 1592 2393 re
1647 2335 1831 2394 verba
1872 2336 2160 2393 fecerunt.
2250 2334 2371 2393 Sed
2416 2353 2548 2391 cum
2595 2336 2835 2391 constet

580 2418 815 2496 Pelagii
860 2420 1259 2498 expositiones
1302 2422 1479 2480 hodie
1524 2422 1783 2482 inveniri
1826 2423 1986 2481 inter
2027 2422 2382 2498 Hieronymi
2428 2442 2627 2499 opera,
2676 2440 2828 2498 quae

578 2508 823 2580 summis
869 2508 933 2566 in
978 2509 1301 2569 honoribus
1343 2511 1505 2588 apud
1536 2510 1745 2571 Scotos
1775 2512 2168 2585 habebantur,
2215 2510 2424 2570 Scotos
2454 2517 2666 2587 aperte
2698 2529 2830 2569 cum

579 2594 827 2672 Pelagio
889 2598 1140 2657 sensisse
1200 2619 1319 2656 non
1382 2600 1574 2658 credo.
1669 2599 1897 2658 Tamen
1955 2598 2156 2659 fictam
2200 2600 2382 2659 fuisse
2425 2599 2591 2657 illam
2636 2617 2828 2676 papae

577 2683 1108 2758 insimulationem,
1169 2686 1304 2764 quis
1363 2688 1718 2747 contendere
1779 2687 1998 2748 audeat
2013 2687 2042 2746 ?
2131 2688 2254 2748 Sed
2308 2708 2438 2747 cum
2485 2687 2605 2746 alia
2651 2688 2828 2763 hujus

573 2772 662 2830 rei
712 2779 874 2832 certa
892 2772 917 2809 ¹
962 2774 1185 2834 mentio
1230 2796 1350 2834 non
1396 2783 1695 2850 occurrat,
1758 2781 1967 2836 contra
2011 2797 2144 2835 cum
2190 2777 2319 2856 ipse
2364 2776 2684 2835 Wilfridus
2731 2775 2829 2852 (de

573 2881 694 2937 quo
753 2861 939 2940 infra)
997 2884 1156 2924 anno
1219 2866 1348 2923 680
1401 2886 1521 2945 pro
1574 2863 1739 2925 omni
1786 2862 2112 2946 aquilonali
2149 2872 2330 2945 parte
2372 2862 2734 2925 Britamziae
2779 2872 2831 2924 et

575 2946 897 3012 Ilibernz'ae
950 2949 1182 3023 insulis,
1237 2973 1385 3034 quae
1439 2952 1514 3013 ab
1560 2951 1897 3034 Anylorum
1944 2962 1997 3013 et
2041 2952 2365 3013 Britonum
2417 2972 2639 3013 necnon
2684 2950 2827 3012 Sco·

572 3047 771 3097 torum
815 3047 867 3099 et
896 3036 1204 3099 Pictorum
1244 3040 1507 3121 yewfflme
1548 3039 1888 3102 colebantur
1931 3060 2133 3101 veram
2177 3051 2231 3102 et
2257 3039 2608 3101 catholicam
2631 3041 2828 3125 fidem

574 3128 949 3185 confessus
979 3128 1078 3187 sit
1102 3128 1413 3206 (Stephan.
1438 3130 1671 3189 Eddius
1701 3131 1808 3191 vit.
1833 3131 2029 3190 Wilfr.
2063 3151 2110 3188 c.
2142 3131 2228 3189 50
2261 3131 2419 3189 Mab.
2442 3130 2606 3190 Acta
2637 3131 2751 3204 IV,
2792 3132 2822 3188 1

573 3235 714 3292 app.
746 3236 805 3293 p.
841 3216 1015 3292 710),
1059 3217 1301 3276 levioris
1347 3219 1632 3277 momenti
1674 3239 1795 3277 non
1827 3239 1953 3278 esse
1991 3238 2113 3277 non
2142 3225 2342 3297 potest
2370 3219 2474 3278 illa
2505 3221 2825 3279 accusatio.

572 3301 922 3363 Praeterea:
971 3305 1107 3381 quis
1150 3305 1360 3366 tulerit
1404 3306 1708 3367 Gracchos
1752 3308 1827 3366 de
1871 3308 2161 3367 seditione
2209 3310 2548 3386 querentes!

751 3392 988 3452 Omissa
1045 3392 1235 3470 igitur
1293 3395 1405 3454 hac
1462 3396 1905 3456 insimulatione
1964 3416 2074 3474 pro
2137 3403 2301 3457 certo
2347 3397 2690 3465 habendum
2736 3404 2829 3456 est

572 3480 880 3540 ecclesiam
927 3480 1239 3542 Scotorum
1285 3483 1614 3544 Columbae
1669 3491 1867 3544 aetate
1913 3504 2046 3543 cum
2090 3485 2386 3544 catholica
2429 3485 2504 3544 de
2548 3485 2828 3545 doctrina

573 3569 752 3646 plane
811 3570 1191 3630 consensisse.
1281 3573 1436 3634 Nam
1493 3594 1647 3652 quae
1690 3564 2005 3631 Ebrardus
2058 3573 2312 3648 protulit
2363 3573 2438 3631 de
2484 3575 2827 3633 sanctorum

573 3661 638 3714 et
680 3656 1065 3733 reliquiarum
1113 3662 1278 3721 cultu
1321 3668 1533 3741 utpote
1581 3683 1617 3720 a
1645 3660 1844 3719 Scotis
1888 3659 2204 3737 repudiato
2251 3668 2314 3720 et
2359 3661 2433 3720 de
2472 3659 2825 3739 virginitate

573 3743 637 3802 in
700 3747 943 3806 summis
1002 3748 1325 3809 honoribus
1386 3771 1506 3809 non
1557 3749 1796 3821 habita,
1857 3754 1982 3807 tam
2027 3747 2184 3807 levia
2228 3756 2395 3822 sunt,
2457 3755 2525 3808 ut
2568 3770 2706 3808 cum
2749 3770 2826 3808 ex

571 3832 719 3910 ipsis
765 3837 909 3909 ejus,
956 3836 1028 3895 de
1069 3858 1186 3914 qua
1219 3838 1465 3915 agimus,
1512 3837 1728 3896 aetatis
1759 3836 2116 3896 testimoniis
2147 3836 2373 3895 nullum
2404 3845 2823 3914 argumentum

570 3921 885 3983 Ebrardus
940 3926 1286 4002 protulerit,
1342 3926 1490 3984 mihi
1543 3931 1884 4003 pertaesum
1930 3925 2035 3997 sit,
2095 3924 2270 4002 plura
2315 3925 2389 3984 de
2435 3926 2547 3985 hac
2591 3948 2657 3985 re
2704 3927 2821 3985 dis-

570 4017 804 4089 putare.
897 4011 1059 4073 Satis
1117 4014 1369 4073 habeam
1427 4034 1768 4074 asseverare
1828 4032 1921 4072 me
1983 4014 2209 4071 nullum
2267 4014 2549 4074 clericum
2603 4016 2819 4074 nedum

721 4237 905 4307 ²Neq
909 4254 980 4291 ue
1008 4237 1270 4292 Usserins
1295 4238 1367 4292 de
1392 4237 1854 4308 Pelagianismo
1836 4256 1898 4292 m
1916 4239 2216 4293 Britannia
2239 4240 2617 4294 reviviscente
2643 4240 2817 4294 disse-

570 4323 699 4361 rens
747 4308 1166 4377 (Gotteschalci
1215 4313 1275 4361 et
1319 4309 1882 4362 Praedestinatianae
1929 4310 2350 4363 controversiae
2397 4310 2468 4363 ab
2518 4327 2583 4364 eo
2630 4314 2817 4364 motae

568 4376 824 4432 historia.
900 4379 1217 4437 Hanoviae.
1259 4380 1414 4435 1662.
1477 4397 1534 4448 p.
1577 4380 1606 4432 1
1646 4381 1794 4482 sqq.)
1834 4380 1999 4447 plura
2042 4380 2241 4433 attulit
2278 4385 2436 4434 certa
2471 4381 2815 4435 testimonia.
