3134 5034
1187 298 1617 367 ...1¹74

285 490 463 549 aliam
509 487 687 550 fuisse
735 487 896 566 apud
940 487 1219 547 Britones
1263 491 1445 563 atque
1489 486 1666 557 alibi,
1728 506 1865 547 nam
1919 484 2230 569 „saw-{licii
2281 476 2529 548 coelestis

284 578 482 638 sede-W
515 578 694 638 etiam
727 575 940 635 Gildas
982 576 1199 634 altaria
1231 575 1514 634 nominat.
1538 573 1564 609 1
1627 574 1871 637 Ritibus
1903 582 2100 634 autem
2132 576 2529 653 singularibus

284 674 465 743 atque
512 665 910 745 peculiaribus
940 664 1223 724 Britones
1268 684 1405 724 usos
1451 684 1577 723 esse
1624 664 1685 722 in
1732 664 2088 741 peragendis
2136 665 2526 726 eucharistiae

284 756 645 816 solemnibus
705 759 916 832 putare
976 754 1132 812 licet.
1223 751 1298 810 In
1359 754 1452 811 his
1515 752 1834 812 verisimile
1895 759 1986 813 est
2030 752 2309 813 Britones
2364 755 2530 814 adhi-

285 845 480 905 buisse
526 863 742 923 panem
788 863 905 901 non
951 843 1386 902 fermentatum.
1474 842 1863 918 Dollingerus
1922 841 2160 918 quidem
2226 862 2356 902 cum
2416 843 2527 903 hoc
2633 894 2638 899 ,

285 934 546 993 affirmat
570 927 928 1008 (Gesclziohte
958 930 1064 992 dm·
1092 926 1451 991 ohvdstlielaen
1482 925 1723 989 Kirche.
1783 925 2100 991 Landslzut
2116 932 2282 1004 1833,
2302 952 2373 1009 p.
2389 934 2527 1008 217)

285 1022 505 1101 spuriis
536 1020 751 1091 Gildae
782 1020 982 1080 verbis
1022 1020 1254 1093 nititur,
1303 1039 1455 1096 quae
1501 1038 1657 1079 nunc
1704 1025 1943 1078 exstant
1988 1018 2146 1097 apud
2178 1019 2260 1079 H.
2290 1021 2408 1080 and
2438 1019 2528 1081 St.

286 1111 337 1184 I,
384 1133 442 1189 p.
496 1111 617 1168 112
665 1131 754 1187 sq.
800 1110 897 1185 (cf.
944 1110 1024 1168 H.
1072 1110 1191 1169 and
1236 1109 1325 1168 St.
1369 1109 1422 1182 I,
1469 1130 1527 1187 p.
1581 1108 1705 1167 108
1753 1105 1942 1185 not*),
2006 1129 2114 1167 nec
2173 1114 2374 1168 tamen
2431 1130 2528 1169 res

285 1200 418 1278 ipsa
462 1200 668 1276 negari
712 1203 910 1276 potest
957 1200 1055 1274 (cf.
1085 1198 1359 1271 warren,
1390 1219 1449 1276 p.
1487 1199 1608 1256 131
1647 1200 1823 1273 sqq.).
1915 1195 2035 1257 Sed
2083 1198 2225 1274 quid
2273 1198 2527 1259 mirum?

284 1289 507 1348 Errare
552 1288 964 1364 Dollingerum
1011 1289 1121 1348 hoc
1168 1288 1475 1366 proprium
1528 1286 1711 1346 fuisse
1758 1286 2076 1346 Britonum
2133 1285 2528 1347 affirmantem

283 1377 634 1436 Warrenius
667 1378 730 1453 (1.
764 1379 837 1454 c.)
884 1377 1366 1436 luculentissimis
1396 1374 1752 1435 testimoniis
1783 1375 2234 1448 demonstravit,
2281 1376 2530 1436 eundem
2612 1409 2622 1424 ·

284 1486 504 1525 morem
553 1472 613 1525 et
659 1466 805 1525 alibi
852 1472 913 1526 et
944 1465 1104 1544 apud
1135 1464 1368 1543 Anglos
1414 1465 1558 1543 ipsis
1592 1464 1893 1523 Theodori
1923 1463 2352 1543 archiepiscopi
2382 1467 2527 1541 quin

284 1556 465 1615 etiam
510 1554 757 1614 Alcuini
802 1556 1172 1635 temporibus
1216 1554 1396 1614 fuisse
1443 1554 1678 1614 docens.

462 1645 597 1717 Qua
640 1645 881 1704 tandem
927 1665 992 1703 re
1039 1644 1428 1703 dissentiebat
1474 1642 1720 1702 ecclesia
1764 1642 2081 1701 Britonum
2127 1642 2204 1700 ab
2250 1642 2528 1702 universa

285 1733 531 1792 ecclesia
591 1733 881 1792 catholica
898 1733 927 1791 ’Β
1006 1731 1218 1793 Gildas
1278 1732 1352 1791 de
1412 1731 1803 1813 ordinationis
1861 1731 2081 1791 ritibus
2142 1731 2322 1790 talem
2382 1732 2528 1791 facit

285 1821 646 1880 mentionem
692 1826 807 1900 (ep.
858 1822 892 1898 ξ
948 1823 1067 1880 107
1119 1841 1204 1898 sq.
1251 1822 1323 1880 cf.
1369 1822 1643 1893 Warren,
1690 1842 1747 1899 p.
1800 1822 1879 1877 69
1927 1821 2059 1896 sq.),
2105 1825 2176 1878 ut
2218 1820 2396 1879 liceat
2441 1820 2528 1880 vi·

287 1910 427 1968 dere
475 1929 575 1968 eos
621 1930 752 1969 cum
796 1910 1084 1969 Romanis
1140 1930 1259 1969 non
1313 1910 1669 1986 congruisse.
1762 1907 1881 1967 Sed
1940 1909 2051 1967 hoc
2103 1908 2344 1971 levioris
2405 1930 2527 1969 mo·

284 1998 470 2057 menti
532 2004 622 2058 est
682 2005 744 2058 et
803 1999 962 2058 infra
1029 1998 1531 2076 pertractandum.
1647 1997 1817 2055 Idem
1878 1994 2089 2055 Gildas
2152 2031 2227 2041 --
2298 2003 2360 2056 et
2416 1998 2530 2056 hoc

286 2088 607 2146 maximum
654 2096 747 2147 est
798 2121 874 2133 -
925 2088 1098 2147 testis
1146 2094 1236 2148 est
1280 2087 1502 2146 nullam
1558 2091 1702 2144 tunc
1760 2084 2103 2145 societatem
2157 2085 2337 2145 fuisse
2396 2105 2528 2145 cum

285 2176 578 2254 episcopis
638 2175 943 2236 Romanis.
1045 2175 1307 2237 Tantum
1369 2176 1527 2234 enim
1587 2176 1784 2247 abest,
1850 2180 1920 2232 ut
1982 2173 2191 2233 Gildas
2253 2174 2530 2252 episcopo

282 2264 555 2323 Romano
614 2265 952 2325 universam
1014 2265 1314 2325 ecclesiam
1379 2264 1698 2342 regendam
1771 2282 1900 2321 esse
1966 2269 2169 2340 putet,
2240 2269 2308 2322 ut
2368 2263 2532 2326 dicat

284 2355 496 2431 cuique
540 2374 681 2413 vero
727 2354 1022 2414 sacerdoti
1068 2355 1292 2414 dictum
1339 2373 1494 2412 esse:
1563 2360 1629 2412 tu
1672 2371 1732 2411 es
1776 2349 1989 2412 Petrus
2037 2358 2164 2424 etc„
2210 2359 2279 2411 ut
2327 2372 2528 2412 omnes

286 2443 593 2522 episcopos
637 2443 811 2503 Petri
865 2463 1226 2503 successores
1287 2462 1412 2502 esse
1469 2442 1700 2519 judicet
1761 2443 1879 2519 (ep.
1926 2442 1961 2518 ξ
2011 2443 2112 2499 67.
2157 2461 2215 2519 p.
2265 2440 2350 2499 74
2397 2444 2526 2518 sq.).

285 2531 471 2607 Cujus
516 2530 603 2589 rei
650 2552 801 2609 quae
849 2538 978 2592 erat
1023 2552 1198 2591 causa
1215 2532 1243 2590 ⁸?
1288 2531 1571 2590 Profecto
1618 2551 1737 2589 non
1785 2530 2187 2588 controversia
2236 2529 2525 2607 quaedam

285 2641 416 2679 cum
464 2620 758 2699 episcopis
802 2621 1106 2695 Romanis,
1153 2641 1273 2679 non
1321 2620 1518 2679 odium
1566 2619 1629 2677 in
1676 2619 2004 2690 Romanos,
2052 2618 2156 2679 sed
2200 2619 2365 2677 nulla
2410 2618 2528 2678 alia

282 2730 378 2768 res
445 2709 563 2768 nisi
629 2710 967 2770 intermissa
1038 2711 1338 2771 Saxonum
1406 2714 1544 2787 post
1612 2707 1976 2768 invasionem
2050 2726 2181 2766 cum
2241 2707 2532 2767 Romanis

284 2798 664 2858 consuetudo.

462 2886 715 2946 Praeter
758 2887 934 2947 hasce
978 2886 1126 2946 duas
1170 2907 1281 2959 res,
1328 2886 1482 2946 ritus
1529 2890 1593 2942 et
1636 2882 2036 2943 intermissam
2083 2904 2215 2942 cum
2238 2884 2526 2943 Romanis

286 2975 787 3050 consuetudinem,
825 2976 995 3054 'apud
1027 2974 1270 3034 Gildam
1318 2975 1404 3034 nil
1449 2973 1800 3045 invenimus,
1848 2972 2008 3048 quod
2038 2972 2358 3033 Britonum
2388 2984 2530 3051 proi

285 3064 480 3142 prium
528 3064 644 3123 dici
690 3064 908 3143 possit,
957 3084 1122 3138 nam,
1168 3084 1321 3141 quae
1366 3064 1672 3134 feruntur,
1719 3060 1936 3121 Gildae
1980 3062 2164 3121 verba
2208 3061 2282 3120 de
2327 3060 2528 3120 Brito-

285 3173 423 3211 num
470 3162 716 3213 tonsura
762 3159 824 3213 et
868 3154 1254 3213 celebrandae
1287 3151 1679 3211 eucharistiae
1722 3170 1882 3209 more
1929 3150 2132 3228 spuria
2178 3171 2303 3210 esse
2350 3170 2528 3228 supra

286 3242 454 3319 quasi
498 3242 864 3319 praeteriens
904 3246 1029 3319 jam
1077 3240 1531 3302 commemoravi
1577 3240 1674 3316 (cf.
1720 3240 1801 3298 H.
1833 3238 1952 3297 and
1982 3237 2070 3298 St.
2111 3239 2163 3311 I,
2210 3261 2270 3317 p.
2308 3240 2430 3297 112
2467 3244 2529 3297 et

282 3353 338 3408 p.
393 3332 515 3389 108
561 3329 744 3408 not*).

460 3420 855 3481 Nihilominus
908 3424 1035 3497 jam
1094 3426 1237 3480 tunc
1296 3417 1583 3496 temporis
1638 3408 1923 3476 nonnulla
1977 3415 2243 3487 fuerunt,
2312 3415 2526 3492 quibus

282 3508 563 3568 Britones
608 3510 683 3567 ab
731 3510 864 3569 aliis
910 3510 1170 3570 ecclesiis
1216 3508 1614 3568 dissentirent.
1706 3506 1801 3565 De
1858 3504 2073 3580 quibus
2130 3503 2339 3563 Gildas
2395 3524 2527 3562 cum

286 3599 641 3655 mentionem
703 3618 820 3657 non
878 3600 1091 3673 faciet,
1171 3595 1590 3675 suspicandum
1652 3601 1742 3653 est
1803 3614 1936 3653 eum
1998 3593 2333 3653 intermissa
2396 3612 2527 3651 cum

284 3685 420 3743 aliis
467 3686 890 3757 consuetudine
935 3688 1128 3765 ipsum
1175 3684 1520 3757 nescivisse,
1585 3703 1734 3759 quae
1783 3689 1983 3742 essent
2027 3681 2344 3741 Britonum
2394 3702 2525 3760 pro·

285 3774 416 3852 pria
435 3819 448 3846 ,
512 3774 722 3833 saltem
779 3795 896 3835 non
948 3775 1249 3848 habuisse,
1316 3773 1475 3850 quod
1527 3774 1716 3832 verba
1772 3771 1845 3830 de
1898 3770 1990 3830 his
2044 3771 2284 3829 faceret.
2374 3770 2527 3831 Nam

286 3863 449 3936 alibi,
495 3863 830 3940 ubicunque
862 3863 1140 3923 Britones
1171 3864 1328 3923 inter
1361 3862 1506 3921 alias
1546 3862 1819 3920 nationes
1865 3860 2135 3920 viventes
2183 3859 2527 3918 societatem

286 3973 418 4011 cum
465 3952 599 4011 aliis
643 3972 762 4010 non
806 3953 1023 4012 habere
1072 3972 1188 4011 non
1234 3957 1539 4031 poterant,
1610 3949 1683 4007 de
1739 3949 1996 4027 propriis
2040 3948 2358 4007 Britonum
2404 3967 2526 4007 mo·

285 4041 453 4100 ribus
497 4047 642 4100 tunc
680 4044 805 4118 jam
851 4041 1159 4119 agebatur.
1250 4042 1383 4114 Qua
1429 4041 1502 4099 de
1549 4059 1725 4098 causa
1771 4058 1961 4117 pauca

470 4252 487 4282 ¹
528 4250 584 4302 A
611 4267 745 4303 vera
771 4249 1043 4317 temporis
1070 4250 1290 4302 ratione
1316 4248 1655 4312 aberrarem,
1698 4246 1744 4298 si
1772 4246 1946 4299 verba
1983 4245 2228 4298 facerem
2268 4244 2338 4297 de
2377 4261 2524 4298 com·

285 4321 550 4375 munione
577 4321 678 4374 sub
707 4323 943 4389 utraque
969 4320 1184 4388 specie;
1225 4323 1449 4373 constat
1484 4318 1635 4371 enim
1673 4334 1796 4371 eam
1834 4322 1970 4370 tunc
2008 4316 2279 4383 temporis
2319 4316 2527 4384 ubique

286 4394 347 4445 in
383 4392 622 4445 ecclesia
658 4392 716 4445 in
755 4410 857 4445 usu
894 4391 1081 4445 fuisse.

2173 4477 2208 4530 2
