3134 5034
1267 272 1746 331 —119—

388 452 693 513 Bonifatio
734 471 852 510 non
884 452 1088 511 obesse
1120 472 1237 510 non
1268 456 1563 528 poterant,
1609 450 1725 511 nisi
1754 451 1956 510 odium
1985 451 2133 510 illud
2162 450 2384 530 gentile
2416 449 2620 517 eodem

390 541 561 601 modo
622 542 964 616 abjecerant
1023 545 1205 618 atque
1262 540 1332 613 ii,
1395 541 1501 618 qui
1559 540 1623 599 in
1681 541 1946 619 ipsorum
2007 541 2344 617 Anglorum
2402 538 2620 598 finibus

388 632 742 691 habitabant
773 631 870 706 (cf.
900 650 1080 707 supra
1110 652 1169 709 p.
1197 630 1324 705 28).
1392 629 1548 690 Eam
1578 630 1653 688 ob
1686 650 1920 689 causam
1952 630 2130 689 etiam
2161 629 2223 689 in
2240 628 2620 700 ,Britonibus,

392 721 594 798 quales
639 719 858 796 singuli
905 725 1117 791 essent,
1165 719 1567 795 quaerendum
1615 725 1759 777 erat.

563 809 779 885 Itaque
811 828 961 881 cum,
1007 814 1185 887 prout
1215 807 1435 884 singuli
1464 813 1652 880 erant,
1692 807 1974 867 Britones
2005 807 2310 867 Bonifatio
2341 807 2620 884 prodesse

390 898 553 957 Scoti
584 899 786 957 obesse
818 897 1138 976 potuerint,
1187 896 1259 954 de
1289 896 1643 955 Britonibus
1675 902 1735 955 et
1766 896 1977 970 Scotis,
2008 897 2067 955 in
2103 917 2250 974 quos
2281 896 2620 955 Bonifatius

391 987 616 1060 incidit,
661 988 725 1046 in
755 987 1095 1046 universum
1125 984 1242 1045 dici
1273 1005 1389 1044 non
1421 992 1637 1064 potest,
1685 986 1804 1059 sed,
1848 989 2014 1062 cujus
2045 985 2297 1045 interest
2328 1006 2402 1043 ex
2431 1004 2618 1062 aequo

383 1076 651 1153 judicare
696 1076 769 1134 de
815 1074 1137 1147 Bonifatio,
1185 1074 1255 1147 ei,
1304 1080 1593 1152 quantum
1638 1072 1767 1136 fieri
1805 1080 2021 1155 potest,
2068 1074 2474 1134 disserendum
2504 1074 2621 1133 erit

385 1166 459 1224 de
504 1163 805 1242 singulis.l

390 1323 727 1386 recusasset,
777 1336 882 1388 pro
920 1319 1157 1373 Britone
1195 1318 1293 1389 (cf.
1338 1336 1506 1386 supra
1543 1337 1599 1387 p.
1639 1318 1734 1388 27)
1773 1335 1832 1372 se
1868 1319 2106 1390 gessisse
2143 1319 2452 1388 putabatur
2490 1318 2616 1387 (Vst-

391 1390 554 1447 Corb.
582 1395 811 1446 auctore
835 1390 1092 1517 A9ribone
1117 1391 1334 1530 ipedita
1360 1390 1431 1446 cf.
1459 1389 1706 1456 Riezler,
1735 1389 2076 1445 Geschichte
2095 1391 2333 1445 Baierns
2356 1388 2403 1455 Ι,
2434 1406 2487 1458 p.
2516 1389 2614 1443 101

387 1467 501 1517 not.
542 1464 590 1528 1,
629 1464 700 1519 cf.
784 1503 795 1516 .
837 1465 892 1526 9,
943 1465 1057 1515 not.
1101 1464 1129 1516 1
1162 1502 1174 1516 .

532 1535 553 1567 ¹
593 1481 894 1604 Optalxierit
931 1534 1169 1587 fortasse
1207 1534 1488 1604 quispiam
1525 1536 1604 1597 ut,
1646 1551 1772 1587 cum
1810 1536 2031 1588 constet
2066 1533 2284 1602 saepius
2324 1547 2614 1601 apparere,

390 1606 539 1660 unde
577 1607 690 1660 sint
727 1605 1000 1659 ecclesiae
1022 1605 1329 1674 'cujusdam
1367 1603 1702 1674 primordia,
1743 1621 1812 1658 ex
1849 1621 2041 1659 sacrae
2079 1605 2391 1673 scripturae
2429 1602 2618 1658 verbis

388 1676 448 1729 in
481 1676 751 1730 Latinum
786 1676 1101 1740 translatis,
1144 1677 1420 1731 rationem
1456 1675 1752 1732 habuerim
1788 1692 1982 1730 sacrae
2019 1676 2330 1743 scripturae
2367 1675 2620 1728 locorum

388 1764 421 1800 a
445 1746 741 1801 Britonum
779 1752 838 1800 et
864 1746 1162 1801 Scotorum
1199 1747 1574 1817 scriptoribus
1600 1747 1660 1800 in
1683 1746 1844 1802 libris
1871 1747 1983 1802 suis
2011 1748 2522 1814 transscriptorum,
2552 1776 2619 1784 —

387 1817 489 1872 sed
528 1818 598 1871 de
634 1817 913 1872 industria
951 1818 1022 1873 de
1059 1819 1164 1873 hac
1202 1836 1265 1873 re
1303 1820 1494 1874 dicere
1532 1818 1712 1883 omisi,
1754 1820 1887 1887 quia
1923 1835 2124 1887 parum
2160 1819 2305 1872 lucri
2340 1819 2623 1887 apportat.

389 1888 536 1942 Nam
584 1906 798 1943 summa
845 1906 973 1944 cum
1019 1889 1318 1959 diligentia
1354 1890 1669 1945 Haddanus
1707 1888 1812 1956 (Η.
1852 1889 1964 1943 and
2002 1888 2084 1942 St.
2122 1887 2169 1954 Ι,
2217 1907 2272 1958 p.
2314 1887 2620 1955 170-198)

387 1977 579 2014 omnes
616 1960 930 2029 scripturae
967 1979 1158 2016 sacrae
1195 1963 1364 2027 locos,
1406 1962 1502 2031 qui
1539 1964 1600 2015 in
1638 1960 1883 2029 antiquis
1917 1960 2287 2028 scriptoribus
2314 1962 2375 2014 et
2397 1959 2458 2016 in
2481 1975 2620 2013 non-

384 2031 557 2086 nullis
605 2032 897 2086 codicibus
934 2033 1234 2087 Britonum
1284 2038 1343 2086 et
1381 2032 1681 2087 Scotorum
1728 2032 2118 2097 inveniuntur,
2169 2031 2519 2101 comparavit
2564 2035 2623 2083 et

384 2119 512 2156 cum
533 2102 789 2174 Vulgata
826 2106 885 2158 et
921 2121 1049 2157 cum
1084 2105 1255 2158 variis
1279 2103 1464 2159 Italae
1504 2104 1795 2173 exemplis,
1836 2119 2017 2172 neque
2054 2103 2187 2157 inde
2223 2103 2469 2156 fructum
2492 2118 2616 2170 per-

386 2174 555 2300 cgpgt,
593 2174 704 2300 poisi
741 2175 893 2245 quod
930 2175 1237 2315 ΙΘᾳὺοῐίΙΞυὲ
1263 2174 1740 2301 qemuasit1t1713sse
1765 2173 1949 2315 {tasse
1975 2175 2295 2243 exemplum
2319 2173 2621 2248 Britonum

386 2261 417 2298 e
524 2262 589 2300 co
655 2263 1109 2315 rumprormm
1176 2264 1508 2301 c..c..
1692 2259 1809 2300 no.
1914 2285 1926 2298 .

523 2317 657 2371 Alio
685 2321 873 2371 autem
901 2264 973 2372 ald
996 2321 1307 2372 extremum
1335 2264 1695 2389 degi-'odienti
1717 2319 1892 2373 liceat
1916 2317 2058 2371 mihi
2078 2316 2334 2371 conferre
2354 2315 2621 2384 antiquae

388 2386 686 2442 Scotorum
725 2389 996 2442 ecclesiae
1033 2389 1328 2443 historiam
1367 2396 1426 2444 et
1465 2390 1650 2444 varias
1690 2390 1762 2443 de
1801 2406 1867 2444 ea
1903 2387 2152 2442 virorum
2178 2388 2472 2442 doctorum
2498 2404 2620 2439 sen-

384 2457 592 2512 tentias
640 2462 768 2513 c'um
821 2458 1058 2513 historia
1093 2461 1351 2528 picturae
1388 2461 1620 2516 minoris
1659 2461 2006 2515 Hibernicae
2045 2463 2103 2513 et
2140 2477 2268 2514 cum
2304 2458 2618 2522 sententiis,

392 2546 530 2596 quas
568 2531 639 2584 de
675 2529 776 2584 illa
813 2530 923 2584 viri
962 2531 1118 2585 docti
1153 2532 1423 2587 tulerunt.

525 2601 763 2655 Constat
819 2603 969 2656 enim
1019 2603 1171 2657 inter
1220 2620 1411 2659 omnes
1463 2604 1560 2675 (cf.
1615 2605 1843 2671 Liibke,
1900 2602 2204 2658 Grundriss
2253 2602 2356 2656 der
2406 2598 2621 2654 Kunst·

388 2672 715 2740 geschichte
739 2673 786 2738 Ι,
815 2691 872 2742 p.
896 2673 1025 2743 277)
1053 2677 1273 2730 veteres
1300 2676 1523 2730 codices
1542 2674 1883 2730 Hibernicos
1910 2678 2212 2728 exornatos
2238 2689 2359 2727 esse
2384 2671 2621 2741 picturis

382 2744 695 2798 minoribus
735 2745 1126 2798 dissimillimis
1163 2746 1248 2811 iis,
1290 2763 1434 2815 quae
1472 2746 1611 2799 alibi
1646 2747 2027 2800 inveniuntur.
2106 2744 2250 2799 Nam
2289 2761 2403 2797 non
2440 2743 2623 2797 solum

385 2813 610 2868 litterae
648 2815 907 2884 grandes,
950 2814 1283 2880 „Initiales“
1320 2819 1386 2868 ut
1420 2818 1596 2884 ajunt,
1638 2821 1698 2870 et
1721 2817 1880 2870 varia
1904 2816 2005 2868 illa
2030 2821 2378 2878 ornamenta,
2420 2813 2622 2882 quibus

385 2883 607 2938 librarii
633 2890 693 2938 et
718 2885 846 2938 illas
874 2884 1054 2939 veluti
1079 2886 1248 2939 sertis
1272 2886 1646 2940 redimierunt
1666 2890 1724 2940 et
1743 2887 1966 2957 singula
1985 2886 2124 2940 folia
2142 2884 2618 2955 marginaverunt,

383 2956 596 3024 scripta
635 2956 826 3026 potius
853 2974 1020 3024 quam
1044 2956 1199 3025 picta
1224 2973 1343 3011 esse
1367 2958 1651 3022 videntur,
1692 2958 1793 3012 sed
1815 2957 1988 3027 ipsae,
2027 2973 2171 3026 quae
2195 2956 2441 3010 insertae
2468 2960 2618 3019 sunt,

384 3027 674 3081 hominum
723 3027 816 3081 vel
864 3026 1171 3082 bestiarum
1207 3029 1507 3098 imagines,
1549 3025 1670 3083 sine
1706 3030 1824 3083 ulla
1860 3029 2168 3101 graphidos
2206 3027 2442 3082 scientia
2479 3025 2619 3080 deli·

383 3103 602 3164 neatae,
643 3098 785 3152 adeo
824 3097 1232 3170 calligraphiae
1270 3100 1459 3168 potius
1500 3118 1668 3168 quam
1704 3101 1962 3169 picturae
1999 3100 2284 3169 specimen
2321 3097 2616 3167 praebent,

375 3173 450 3223 ut
473 3171 643 3224 solius
671 3171 1032 3237 symmetriae
1057 3171 1272 3240 regulis
1299 3171 1539 3226 vestium
1564 3173 1880 3241 plicaturae
1907 3172 2263 3236 conveniant,
2293 3170 2429 3239 quin
2448 3170 2620 3224 etiam

383 3245 448 3295 ut
495 3246 680 3296 vestes
732 3258 1153 3310 nonnumquam
1197 3259 1513 3311 pannorum
1549 3244 1719 3298 modo
1758 3260 1997 3312 corpora
2032 3243 2360 3306 redimiant,
2415 3245 2475 3294 et
2509 3240 2619 3294 sin-

384 3312 504 3382 guli
549 3313 642 3367 vel
694 3313 898 3382 capitis
946 3314 1037 3368 vel
1084 3313 1294 3368 barbae
1340 3315 1447 3384 pili
1495 3319 1702 3369 exeant
1736 3315 1796 3368 in
1832 3315 1977 3368 varii
2001 3313 2238 3438 generis
2276 3311 2616 3374 curvamina,

386 3385 712 3438 convolvuli
747 3385 1029 3455 pampinis
1066 3386 1353 3439 simillima
1391 3387 1530 3456 (vid.
1557 3387 1653 3456 fig.
1682 3387 1788 3441 254
1825 3386 1975 3453 apud
2052 3384 2203 3438 iibke
2239 3384 2276 3436 l.
2306 3402 2354 3437 c.
2382 3400 2438 3451 p.
2467 3380 2617 3449 278).

523 3454 692 3510 Unde
738 3455 879 3510 haec
926 3457 1206 3511 mirabilis
1255 3458 1532 3527 pingendi
1570 3459 1662 3511 vel
1712 3457 1900 3526 potius
1937 3455 2226 3511 scribendi
2264 3454 2389 3509 ars?
2464 3451 2617 3507 Non-

386 3524 547 3589 nulli,
585 3529 649 3578 ut
685 3526 1013 3582 Muenterus
1054 3532 1112 3581 et
1148 3527 1249 3582 alii
1287 3529 1574 3594 ecclesiae,
1614 3529 1697 3582 ita
1735 3528 1906 3582 etiam
1943 3529 2085 3582 artis
2122 3526 2468 3581 Hibernicae
2506 3524 2616 3577 ori·

390 3593 579 3661 ginem
615 3596 687 3649 ab
714 3598 930 3651 oriente
956 3603 1047 3668 (ac
1075 3599 1300 3668 quidem
1328 3616 1397 3654 ex
1422 3600 1720 3672 Aegypto)
1745 3599 2110 3670 repetendam
2135 3615 2257 3652 esse
2282 3596 2621 3652 censuerunt

387 3668 586 3733 (unum
622 3682 691 3719 ex
727 3669 921 3723 multis
942 3670 1170 3724 nomino
1197 3670 1510 3736 Kellerum,
1550 3671 1742 3727 Bilder
1764 3671 1880 3726 und
1901 3668 2244 3740 Schriftzic'ye
2266 3669 2361 3724 der
2384 3665 2621 3722 irischen

388 3734 768 3806 Manuscripte
801 3738 863 3791 in
888 3740 1307 3813 Mittheilunqen
1343 3744 1438 3798 der
1461 3742 1905 3812 antiquarischcn
1931 3740 2286 3810 Gesellschaft
2306 3739 2370 3795 in
2396 3736 2617 3794 Zm-ich.

390 3810 439 3861 7.
480 3807 661 3863 Band.
720 3811 884 3867 1853.
932 3828 988 3880 p.
1028 3812 1093 3867 61
1134 3830 1274 3882 sqq„
1314 3831 1370 3883 p.
1410 3814 1523 3884 74),
1564 3815 1680 3880 alii,
1722 3818 1786 3869 ut
1819 3813 2111 3870 Ebrardus
2149 3814 2445 3867 ecclesiam
2484 3810 2617 3864 Sco·

384 3882 574 3933 torum
619 3882 840 3934 tantum
886 3883 972 3936 sui
1022 3882 1262 3937 similem
1309 3885 1483 3940 fuisse
1523 3886 1786 3954 opinatus
1826 3889 1935 3951 est,
1985 3887 2067 3940 ita
2104 3884 2305 3939 Scotos
2343 3881 2617 3950 exemplis

384 3949 487 4075 adt
503 3950 837 4076 itqitandum
883 3969 998 4006 non
1042 3955 1351 4024 propositis
1399 3956 1744 4025 peculiarem
1781 3975 1938 4012 suam
1986 3961 2166 4011 artem
2213 3955 2320 4009 sibi
2357 3953 2617 4025 genuisse

382 4038 460 4089 pu
488 4039 559 4076 an
591 4064 603 4077 .

528 4092 692 4162 Quod
716 4098 1032 4163 utrumque,
1074 4095 1123 4150 si
1149 4112 1347 4154 verum
1373 4102 1536 4164 esset,
1577 4117 1705 4153 cum
1730 4100 1815 4164 iis,
1856 4117 1999 4170 quae
2025 4119 2089 4155 su
2131 4118 2194 4154 ra
2219 4099 2291 4154 de
2315 4097 2617 4154 Scotorum

387 4164 625 4219 ecclesia
661 4166 927 4232 diximus,
967 4167 1116 4220 male
1155 4174 1508 4238 congrueret.
1584 4170 1671 4224 Eo
1710 4172 1923 4241 maj0re
1958 4189 2069 4242 gau
2114 4171 2166 4226 'o
2204 4172 2436 4226 affectus
2474 4189 2613 4235 sum,

385 4251 512 4289 cum
558 4238 921 4306 cognoverim
958 4237 1270 4293 Antonium
1307 4237 1703 4310 Springerum,
1751 4243 1936 4297 virum
1983 4260 2109 4297 mea
2153 4244 2321 4299 laude
2359 4242 2616 4297 doctrina

383 4322 483 4361 sua
526 4309 822 4378 majorem,
874 4311 934 4364 in
982 4310 1095 4364 alia
1144 4310 1215 4364 de
1253 4308 1553 4365 Scotorum
1600 4316 1725 4367 arte
1769 4315 2048 4368 sententia
2085 4332 2233 4380 esse,
2283 4332 2349 4369 ac
2388 4312 2616 4383 quidem

385 4378 505 4443 tali,
534 4396 676 4446 quae
703 4398 829 4435 cum
854 4385 1048 4437 nostra
1073 4380 1143 4435 de
1167 4381 1467 4436 Scotorum
1492 4385 1736 4439 ecclesia
1761 4385 2043 4440 sententia
2062 4387 2301 4441 maxime
2324 4387 2613 4456 congruat.
