3134 5034
1245 316 1677 372 -97-

337 496 404 549 et
452 492 536 549 29
581 491 662 569 B)
705 536 718 550 .
752 535 765 550 .
806 491 891 551 ad
935 501 987 553 te
1031 511 1281 574 namque
1326 492 1506 552 totius
1545 492 1822 553 exercitus
1867 492 2097 553 dovnini
2124 538 2137 552 .
2170 536 2184 552 .
2217 540 2231 554 .
2250 491 2584 573 periculum

326 579 597 657 pertinet.
684 579 765 639 Te
808 589 992 640 totum
1035 590 1340 663 exspectat,
1388 581 1492 663 qui
1525 590 1868 661 potestatem
1910 579 2085 643 habes
2130 583 2295 660 (Mat
2328 583 2581 660 habens)

340 668 546 729 omnia·
578 668 915 741 ordinandi,
950 666 1163 730 bellum
1192 669 1545 743 ivzstitumdi,
1579 671 1754 731 duces
1784 670 2081 731 eaeoitandi
2110 678 2219 731 etc.
2253 673 2335 748 (p.
2368 673 2450 729 29
2485 671 2581 749 F).

335 757 453 817 His
498 758 697 817 verbis
753 759 899 836 quid
945 759 1160 819 clarius
1176 760 1205 818 ?
1295 760 1617 819 Proferant
1662 760 2012 837 scriptorem
2059 760 2319 835 ejusdem
2366 761 2583 820 aetatis

333 845 645 906 Ebrardus
689 853 752 906 et
797 848 1164 922 Warrenius,
1209 850 1556 927 producant,
1605 849 1657 908 si
1700 855 1969 927 possunt,
2014 850 2110 909 vel
2158 849 2346 907 civem
2391 849 2579 928 ipsius

333 935 500 994 urbis
544 935 799 1010 Romae,
848 938 951 1014 qui
997 939 1289 998 similibus
1334 939 1532 997 verbis
1578 939 1864 1014 loquatur
1908 938 1982 995 de
2026 943 2326 1015 potestate
2370 957 2581 1017 papae.

303 1022 510 1082 ‘Luce
546 1025 761 1083 clarius
808 1034 898 1085 est
929 1025 1279 1086 Columbam
1320 1028 1596 1106 episcopo
1626 1027 1783 1086 sedis
1813 1025 2136 1099 Romanae,
2184 1032 2394 1104 utpote
2426 1047 2579 1104 quae

331 1112 588 1190 insignis
630 1122 787 1174 esset
829 1116 1155 1175 traditione
1202 1138 1239 1175 a
1268 1116 1455 1177 Petro
1502 1124 1564 1175 et
1593 1115 1787 1174 Paulo
1816 1116 2103 1192 profecta,
2152 1114 2385 1193 quoad
2429 1121 2577 1174 tra-

331 1203 682 1262 ditionem
737 1206 937 1264 illam
982 1214 1414 1283 sequeretur
1458 1204 1812 1265 concessisse
1857 1223 2145 1262 summam
2190 1205 2261 1262 inx
2300 1203 2583 1264 universa

330 1293 576 1352 ecclesia
621 1293 871 1353 docendi
916 1300 978 1353 et
1016 1296 1336 1371 judicandi
1372 1300 1752 1374 potestatem.

507 1382 683 1441 Unde
729 1384 1001 1460 sequitur
1048 1384 1396 1444 Columbam
1444 1385 1518 1443 de
1563 1383 1838 1443 omnibus
1849 1426 1865 1456 ,
1922 1401 2075 1458 quae
2120 1380 2393 1459 publicae
2439 1381 2575 1441 doc-

330 1470 530 1530 trinae
585 1481 782 1546 erant‚
844 1473 1212 1533 consensisse
1273 1494 1405 1532 cum
1463 1473 1712 1532 ecclesia
1764 1470 2039 1532 Romana
2094 1491 2173 1529 ac
2218 1469 2458 1546 quidem
2510 1470 2586 1529 id.

328 1560 637 1637 temporis,
684 1581 843 1635 cum,
892 1582 1045 1638 quae
1092 1568 1248 1623 esset
1292 1562 1565 1621 Romana
1612 1560 1968 1620 christianae
2014 1559 2323 1622 doctrinae
2366 1559 2574 1633 forma,

327 1656 704 1727 com-pertum-
737 1654 862 1727 jam
908 1652 1190 1724 habebat,
1236 1672 1374 1710 nam
1422 1652 1680 1732 epistula
1709 1650 1816 1708 illa
1846 1650 1922 1708 ad
1952 1648 2322 1707 Bonifatium
2353 1668 2573 1727 papam

326 1738 531 1812 missa,
579 1759 697 1816 qua
741 1740 1115 1818 potissimum
1160 1741 1253 1799 usi
1299 1731 1526 1813 sumus,
1568 1744 1693 1816 jam
1740 1739 1803 1798 in
1849 1738 2034 1800 Italia
2080 1737 2417 1815 conscripta
2464 1743 2571 1797 est.

322 1827 536 1904 Neque
579 1862 664 1872 —-·
711 1828 799 1901 id,
863 1829 1022 1905 quod
1074 1832 1201 1906 jam
1259 1850 1366 1908 per
1424 1850 1486 1889 se
1546 1828 1898 1889 incredibile
1957 1834 2074 1899 est,
2135 1846 2273 1884 nam
2335 1820 2585 1903 saepius·

324 1915 613 1975 Columba
644 1937 708 1976 se
737 1917 933 1995 ipsum
956 1918 1398 1977 induxit-unum
1422 1939 1533 1997 pro
1557 1917 1830 1977 omnibus
1851 1915 2143 1975 Hibernis
2165 1914 2459 1972 dicentem
2483 1948 2573 1960 --

321 2004 427 2062 illa
482 2006 778 2065 sententia
824 2007 1067 2085 propria
1116 2014 1246 2067 erat
1291 2008 1467 2067 um‘us
1512 2006 1863 2077 Columbae,
1927 2004 2145 2063 similia
2189 2009 2352 2074 sunt,
2417 2022 2571 2079 quae

319 2093 509 2153 Jonas
530 2094 850 2156 Bobiensis
873 2096 1051 2155 dixit:
1092 2092 1553 2177 „Aeqw'lejemes
1576 2092 1914 2155 dissentiunt
1935 2113 1985 2151 a
1997 2089 2398 2152 communirme
2417 2090 2572 2151 sedis

319 2180 686 2261 apostoltcae,
732 2183 806 2244 de
849 2203 966 2265 qua
1012 2183 1285 2245 dontinus
1327 2184 1390 2244 in
1435 2182 1726 2265 evanqelio
1771 2182 1856 2241 ad
1901 2180 2128 2241 beamm
2171 2175 2570 2260 apostolorum

309 2269 639 2351 Jm‘nezpem
671 2270 918 2333 Petrum
966 2269 1251 2355 loquitur:
1292 2282 1355 2333 tu
1386 2295 1446 2334 es
1476 2282 1575 2334 etc.
1607 2270 1742 2346 M,
1793 2274 2038 2342 16,18“
2077 2270 2208 2347 (vit.
2240 2267 2481 2328 Eustas.
2511 2272 2567 2342 7,

315 2360 474 2418 nab.
507 2360 593 2434 11,
628 2382 764 2421 ann.
799 2363 946 2433 625,
976 2384 1033 2440 p.
1073 2365 1241 2440 119).
1286 2364 1564 2442 Denique
1597 2363 1842 2441 dignum
1874 2366 1965 2420 est
1995 2357 2568 2431 commemoratione,

320 2449 484 2524 quod·
520 2451 782 2509 omnium
814 2452 1139 2513 occidentis
1169 2453 1665 2513 monasteriorum
1696 2451 1955 2530 primum
1987 2448 2286 2508 Bobiense
2316 2452 2565 2523 rogante

317 2538 542 2597 abbate
584 2559 740 2599 anno
778 2543 905 2617 jam
940 2543 1067 2600 628
1115 2542 1389 2619 neglecta
1433 2543 1538 2601 vel·
1574 2549 1803 2600 remota
1849 2537 2113 2617 episcopi
2151 2535 2579 2613 jurisdictione·

316 2626 427 2685 soli
469 2649 664 2705 papae
711 2632 1052 2706 subjectum
1090 2638 1183 2691 est
1228 2632 1327 2708 (cf.
1372 2631 1689 2708 Harttung
1730 2652 1788 2709 p.
1839 2629 2143 2703 62—69).

497 2718 666 2792 Quae
713 2739 845 2779 cum
890 2720 978 2778 ita
1024 2720 1162 2794 sint,
1211 2720 1607 2796 colligendum
1655 2728 1747 2778 est
1785 2718 2092 2777 ecclesiam
2124 2717 2304 2786 illam,
2352 2714 2415 2773 in
2448 2734 2568 2792 qua

314 2804 607 2865 columba
661 2816 840 2868 natus
894 2814 1026 2868 erat
1069 2815 1249 2886 atque
1296 2808 1609 2882 educatus,
1670 2815 1814 2868 tunc
1858 2805 2145 2883 temporis
2189 2822 2563 2880 nequaquam

314 2894 614 2954 inimicam
680 2897 860 2959 fuisse
922 2898 1048 2956 sedi
1111 2897 1491 2976 apostolicae.
1585 2896 1744 2971 Quin
1809 2895 1989 2955 etiam
2055 2892 2443 2953 disertissime
2503 2900 2567 2951 et

312 2984 658 3061 planissime
711 2988 1010 3067 scriptum
1057 2994 1149 3046 est
1192 2986 1255 3045 in
1301 2985 1560 3087 epistula
1605 2985 1894 3047 Oumeani
1940 2982 2298 3062 Gregorium
2343 3001 2562 3061 papam

313 3072 476 3151 apud
522 3094 725 3136 omnes
757 3075 968 3136 Scotos
1014 3082 1076 3135 et
1121 3075 1283 3153 apud
1327 3075 1490 3153 ipsos
1534 3075 1815 3135 Hiienses
1861 3095 2078 3152 magna
2123 3074 2395 3136 floruisse
2426 3092 2562 3134 auc·

312 3161 573 3235 toritate,
622 3185 758 3225 nam
814 3164 936 3239 „ad
983 3158 1260 3246 Greqorii
1288 3183 1522 3245 papae,
1570 3164 1770 3242 inquit
1816 3163 2150 3223 Oumeanus
2197 3166 2423 3241 (Usser,
2470 3186 2563 3243 ep.

310 3249 431 3309 hib.
465 3254 594 3330 syll.
626 3277 684 3333 p.
720 3256 847 3332 21),
891 3249 1052 3314 urbis
1097 3250 1332 3313 Romae
1375 3252 1648 3333 epi-ecqui,
1693 3272 1734 3311 a
1776 3250 1939 3313 nobis
1983 3252 2046 3312 in
2091 3273 2393 3314 commune
2436 3276 2559 3316 sus-

309 3341 460 3422 cepti
502 3351 554 3403 et
597 3342 717 3403 o‘n‘s
762 3352 816 3403 et
858 3342 1028 3405 aurei
1067 3339 1453 3424 aspellatione
1497 3340 1720 3415 donati,
1766 3339 1942 3401 verba
1983 3360 2078 3401 me
2123 3345 2417 3404 converti.

310 3429 604 3492 Attamen
653 3452 772 3491 non
817 3453 996 3510 nego,
1052 3432 1374 3510 „liberam“
1428 3432 1610 3494 fuisse
1655 3430 1964 3492 ecelesiam
2012 3429 2325 3491 Scotorum
2372 3454 2407 3492 a
2451 3454 2556 3512 po-

308 3526 525 3580 testate
572 3527 634 3581 et
671 3520 1090 3599 jurisdictione
1136 3541 1355 3600 papae,
1411 3521 1516 3580 sed
1562 3520 1825 3581 liberam.
1862 3540 1982 3580 non
2028 3520 2308 3595 alienam,
2365 3543 2559 3600 neque

309 3610 429 3669 alia
497 3617 630 3670 erat
694 3611 945 3671 libertas
1008 3612 1113 3670 illa
1177 3616 1359 3687 atque
1421 3630 1540 3688 qua
1603 3609 1814 3669 iisdem
1877 3608 2248 3686 temporibus
2313 3612 2561 3674 ecclesia

308 3696 621 3760 Gallicana
667 3701 1004 3775 fruebatur„
1039 3736 1129 3745 —
1168 3721 1308 3758 nam
1353 3699 1535 3759 etiam
1581 3700 1644 3757 in
1676 3697 1875 3758 Gallia
1923 3698 2248 3760 auctoritas
2293 3701 2559 3781 episcopi

305 3788 576 3849 Romani-
613 3797 756 3849 tunc
799 3789 1086 3867 temporis
1133 3789 1330 3850 verbis
1376 3808 1494 3847 non
1541 3789 1938 3861 minuebatur,
1984 3808 2194 3848 revera
2225 3797 2422 3849 autem
2453 3793 2557 3850 vix

307 3879 659 3956 comparuit.
749 3878 1109 3940 Inimicitiae
1156 3898 1299 3956 ergo
1345 3877 1505 3936 inter
1550 3878 1860 3957 episcopos
1899 3876 2204 3938 Romanos
2249 3885 2312 3938 et
2356 3887 2554 3957 poste-

305 3967 492 4026 rioris.
526 3968 812 4046 temporis
859 3966 1088 4041 Scotos,
1135 3968 1186 4026 si
1232 3987 1384 4044 quae
1430 3967 1726 4040 fuerunt1,
1757 3988 1897 4032 ,non
1941 3987 2118 4027 causa
2160 3968 2404 4028 fuerunt
2449 3968 2557 4027 sed

308 4055 504 4114 exitus
550 4055 988 4116 controversiae
1034 4057 1195 4116 illius
1240 4057 1402 4116 inter
1439 4053 1653 4115 Scotos
1700 4062 1760 4115 et
1806 4054 2338 4134 Anglo·Saxones.

456 4210 474 4241 ¹
516 4210 681 4267 Tales
729 4211 1061 4267 inimicitiae
1114 4211 1383 4266 videntur
1431 4211 1656 4265 elucere
1704 4228 1735 4264 e
1773 4211 2030 4265 versibus
2068 4212 2411 4296 quibusdam·
2445 4211 2552 4265 Ηί-

301 4280 555 4336 hernicis
593 4284 775 4338 codici
805 4299 932 4356 epp.
964 4281 1123 4337 Paul.
1150 4282 1534 4337 Boerneriano
1564 4286 1735 4349 (saec.
1763 4281 1920 4349 IX)
1904 4300 1964 4335 ιιι
1989 4284 2243 4353 margine
2271 4283 2548 4352 ascriptis,

302 4369 538 4420 quorum
595 4355 855 4409 notitiam
914 4353 1250 4408 Franciscus
1295 4353 1707 4419 Delitzschius,
1772 4355 1862 4407 vir
1917 4371 2131 4409 summe
2187 4355 2551 4419 reverendus,

304 4425 708 4478 humanissime
746 4427 884 4480 mihi
923 4427 1279 4494 comparavit
1304 4425 1400 4496 (cf.
1425 4424 1673 4490 Ebrard‚
1714 4424 2033 4478 Bonifatius
2059 4444 2113 4493 p.
2149 4428 2255 4495 10).
2322 4425 2553 4494 Scripta

2089 4515 2120 4568 7
