3134 5034
1384 339 1457 347 —
1563 304 1864 361 100-

499 503 597 542 me
656 482 929 558 neglecta
982 480 1241 542 Ebrardi
1298 481 1707 542 admonitione
1749 483 1831 558 (p.
1884 481 2039 557 206)
2080 481 2379 556 judicare:
2425 482 2757 542 absurdum

505 591 629 632 esse
678 576 892 648 putare
937 572 1253 630 monachos
1297 591 1562 647 unquam
1594 571 1691 630 wel
1736 589 1987 647 usquam
2033 570 2096 628 in
2143 569 2392 632 eeclesia
2436 570 2657 631 vixisse
2686 570 2755 628 in

500 659 786 738 legitimis
815 659 1225 719 matrimoniis.
1280 659 1594 719 Scotorum
1625 679 1767 720 vero
1799 658 2119 718 monachos
2142 658 2514 736 virginitatis
2543 665 2755 719 votum

504 749 828 825 suscepisse
873 747 1046 807 testis
1086 750 1212 823 jam
1258 755 1349 809 est
1403 782 1475 791 —
1529 748 1676 807 mihi
1724 747 1966 824 quidem
2026 768 2135 807 nec
2193 748 2391 808 minus
2432 748 2552 826 ipsi
2595 748 2754 806 Loe-

500 837 705 916 ningio
754 835 866 912 (ΙΙ,
911 857 972 915 p.
1021 837 1179 913 426)
1227 871 1312 882 --
1360 836 1688 898 Columbae
1742 837 1984 914 regulae
2046 843 2228 915 caput
2273 835 2369 896 VI
2416 836 2534 908 „de
2578 835 2754 896 casti-

504 933 680 995 ιαιε“,
728 944 865 984 nam
911 926 1109 986 verbis
1154 926 1273 985 illis
1319 923 1510 1007 „quid
1562 925 1807 1004 prode-st
1865 923 2032 1005 viryo
2091 943 2364 1004 corpore,
2424 923 2478 985 εἰ
2518 943 2636 985 non
2680 924 2759 984 είι

504 1011 668 1094 vio-90
714 1021 941 1074 mente“
988 1013 1174 1090 (Bibl.
1221 1035 1373 1076 max.
1419 1014 1585 1088 XII,
1629 1035 1686 1092 p.
1738 1015 1805 1092 4)
1853 1012 2146 1074 Columba
2200 1033 2341 1076 usus
2399 1035 2519 1074 non
2580 1021 2752 1086 esset,

502 1102 619 1162 nisi
665 1109 963 1180 sperasset
1008 1123 1208 1163 omnes
1255 1123 1396 1166 suos
1436 1104 1757 1164 monachos
1812 1122 1946 1164 esse·
1993 1100 2241 1183 viv-yines
2296 1121 2557 1181 conpore.
2649 1101 2767 1166 Sev-

505 1192 697 1252 cunda
756 1190 929 1251 testis
989 1198 1080 1252 est
1124 1213 1353 1254 summa
1412 1192 1519 1251 illa
1580 1192 1906 1254 auctoritas
1925 1193 1954 1263 ,ἶ
2002 1211 2125 1268 qua
2166 1190 2256 1252 St.
2301 1192 2757 1267 Hieronymum,

503 1279 872 1358 virginitatis
916 1301 1283 1357 praeconem,
1331 1281 1493 1359 apud
1540 1280 1750 1340 Scotos
1795 1280 2055 1357 viguisse
2099 1300 2285 1359 supra
2320 1283 2448 1357 jam
2496 1280 2758 1342 vidimus

506 1370 604 1446 (cf.
651 1389 833 1446 supra
879 1389 937 1446 p.
974 1370 1101 1446 94),
1148 1370 1331 1428 tertia
1361 1370 1621 1447 denique
1666 1369 1837 1430 testis
1868 1371 1998 1428 tota
2031 1367 2140 1429 Sti.
2174 1368 2498 1430 Columbae
2543 1368 2756 1446 religio

504 1459 601 1519 vel
632 1458 950 1536 theologia,
1009 1458 1211 1518 Unum
1258 1457 1515 1518 sufficiat
1558 1458 1985 1519 testimonium.
2048 1456 2339 1518 Columba
2386 1458 2573 1530 enim‚.
2589 1464 2756 1535 post-

507 1567 685 1624 quam
735 1546 890 1605 dixit
935 1547 1052 1624 (ep.
1103 1548 1160 1619 2,
1207 1568 1264 1625 p.
1316 1549 1397 1606 26
1447 1548 1529 1624 Β)
1577 1554 1853 1625 oportere
1899 1566 2006 1605 nos
2052 1567 2179 1607 esse
2225 1553 2439 1619 castos,
2485 1546 2761 1620 humiles,

505 1635 831 1714 placabiles
877 1634 1031 1694 sicut
1074 1637 1357 1713 parvulos
1403 1635 1552 1708 „sed
1594 1634 1897 1717 omnplere,
1942 1635 2156 1712 inquit,
2201 1632 2343 1695 Ιιαεε
2388 1633 2588 1694 omnia
2623 1655 2753 1694 mu-

505 1721 670 1785 lim-s
714 1741 885 1804 saepe
929 1721 1183 1784 videntes
1229 1733 1280 1783 ει
1324 1724 1482 1786 circa
1524 1723 1738 1784 mundi
1763 1720 2080 1805 facultates
2123 1722 2357 1802 saepius
2401 1721 2660 1784 micantes
2702 1731 2761 1782 ει

505 1811 813 1872 irascentes
859 1809 1200 1895 difficillime
1231 1822 1514 1892 possunt..
1565 1811 1809 1874 Idcirco·
1830 1810 2018 1874 nostri
2054 1810 2234 1876 semel
2277 1812 2501 1872 mundo
2544 1830 2757 1872 remm-

506 1899 719 1962 viantes
749 1943 763 1958 .
799 1944 812 1959 .
845 1944 859 1958 .
893 1943 907 1958 .
922 1898 1171 1981 facilius
1215 1900 1425 1973 nudos,
1472 1922 1654 1982 quam
1707 1899 1913 1964 divites
1964 1919 2289 1962 sermonem
2332 1899 2560 1962 domini
2572 1919 2761 1981 Ροεεε

504 1987 791 2069 complere
834 1987 1243 2050 arbitrantur.
1277 2010 1320 2060 .,·
1364 1989 1562 2071 infans
1609 1989 1762 2050 enim
1805 1987 2041 2051 hunn‘lis
2086 1998 2193 2060 εει,
2238 2009 2356 2050 non
2403 1986 2592 2050 lae-sue
2635 2007 2755 2050 me-

502 2076 687 2148 minit,
732 2096 851 2138 non
894 2075 1198 2139 mulierem
1239 2078 1446 2139 videns
1487 2077 1883 2160 concupiscit.
2011 2077 2197 2138 .inde
2236 2075 2324 2139 St.
2355 2075 2760 2160 Hieronymus

504 2164 643 2228 haec
687 2164 869 2226 sciens
901 2163 1081 2247 jussit
1125 2167 1419 2248 episcopos
1462 2165 1692 2228 imitari
1731 2164 2023 2248 αροειοὼε
2051 2164 2366 2228 momchos
2396 2185 2530 2229 vero
2561 2164 2757 2228 docuit

502 2253 664 2336 sequi
698 2262 903 2336 patres
936 2254 1246 2336 perfectos.
1309 2257 1623 2318 Perfectus
1652 2277 1795 2334 ergo
1829 2257 1988 2317 solus
2020 2257 2361 2329 monachus,
2401 2276 2521 2316 non
2552 2276 2757 2316 omnes

507 2343 804 2422 perfectos
836 2363 962 2404 esse
1003 2351 1260 2422 oportet.
1324 2345 1685 2406 Voluntaria
1716 2351 1918 2406 autem
1962 2345 2068 2405 illa
2113 2345 2478 2424 perfectione
2510 2344 2757 2422 virgini·

503 2438 689 2494 tatem
739 2432 1029 2494 contineri
1077 2453 1249 2493 nemo
1296 2454 1570 2511 unquam.
1607 2441 1876 2494 veterum
1922 2454 2040 2494 non
2086 2434 2357 2513 putavit,
2403 2433 2763 2495 Columham-

505 2541 649 2596 vero
681 2521 742 2579 in
775 2521 979 2579 eadem
1011 2522 1310 2582 sententia
1340 2523 1522 2582 fuisse
1552 2542 1621 2582 eo
1653 2523 1895 2583 meliore
1921 2526 2059 2600 jure
2088 2523 2383 2584 affirmare
2423 2541 2758 2601 possumus,

505 2629 622 2687 quo
670 2609 1046 2689 planioribus
1074 2610 1270 2672 verbis
1301 2611 1453 2669 hanc
1484 2612 1678 2689 ipsam
1708 2631 1835 2670 rem
1878 2612 2155 2690 exposuit
2184 2611 2511 2672 Ailerauus
2540 2610 2760 2672 Scotus

506 2699 592 2760 ah
614 2697 746 2776 ipso
775 2696 1052 2758 Ebrardo
1083 2699 1285 2775 magni
1315 2699 1682 2774 aestimatus,
1730 2700 1834 2778 qui
1865 2698 2190 2762 Columbae
2230 2701 2354 2761 fere
2384 2700 2777 2778 temporibus

504 2787 951 2849 inmonasterio
976 2785 1370 2848 Clonardensi
1401 2788 1465 2847 in
1489 2789 1786 2850 Hibernia
1808 2788 2027 2850 vixisse
2063 2794 2317 2868 putatur.
2337 2788 2758 2865 (cf..Flemiu35

506 2875 655 2935 Coll.
686 2897 744 2954 p.
782 2876 951 2952 183).
1024 2875 1089 2936 Is
1134 2877 1292 2938 enim
1335 2878 1401 2937 in
1431 2878 1928 2956 interpretatione
1958 2877 2342 2955 genealogiae
2374 2876 2601 2938 Christi
2641 2879 2759 2938 sub

505 2984 652 3026 voce
696 2964 1042 3025 Aminadab
1089 2965 1392 3044 (Fleming
1428 2967 1571 3039 189,
1617 2967 1779 3030 Bibl.
1825 2987 1979 3025 max.
2009 2966 2165 3038 XII,
2210 2988 2269 3045 p.
2304 2967 2388 3025 40
2419 2967 2549 3042 D):.
2581 2985 2758 3046 pove-

505 3061 724 3122 taneue,
784 3053 1008 3129 inquit,
1053 3049 1307 3115 Domini
1349 3053 1531 3115 simm
1563 3052 1884 3138 populus.
2038 3051 2208 3117 Unde
2252 3063 2305 3115 ει
2348 3053 2474 3134 ipse
2516 3053 2763 3115 veritas:

504 3139 560 3200 ,si
600 3139 747 3220 quie,
791 3139 993 3220 inquit,
1036 3139 1356 3222 vult,po.3t
1394 3162 1488 3202 me
1531 3142 1741 3215 vem're,
1786 3152 1839 3203 ει
1882 3140 2048 3203 alibi.-
2091 3141 2763 3226 siviepevfectusesee,

503 3237 558 3289 et
601 3228 810 3330 iterum
841 3229 916 3289 de
943 3228 1288 3311 viryinitatis
1318 3228 1582 3292 eleetimze
1612 3230 1856 3292 libemm
1900 3229 2132 3313 reliquit
2174 3230 2501 3303 arbitrium,
2532 3231 2763 3293 dicens:

511 3317 836 3399 quipoteet
882 3337 1108 3401 cape-re,
1155 3318 1370 3400 capiat.

686 3407 857 3481 Quae
874 3428 1006 3468 cum
1029 3407 1117 3470 ita
1139 3408 1308 3482 sint„
1312 3409 1706 3482 ‚testimonia“
1722 3409 1830 3469 illa
1832 3430 2015 3485 ,quae
2030 3410 2442 3488 Ebrardus(p.
2457 3411 2584 3471 206
2597 3414 2763 3487 sqq)

509 3496 719 3560 atinum
764 3497 842 3556 aud
888 3495 1350 3560 confirmandam
1411 3518 1579 3561 suam
1640 3498 2006 3575 opinionem,
2068 3499 2227 3560 levia
2285 3519 2407 3560 nou
2462 3519 2591 3560 esse
2635 3519 2761 3560 nou-

508 3589 772 3663 possunt.
864 3586 1072 3663 Neque
1119 3585 1361 3649 difficile
1407 3592 1498 3646 est
1540 3587 1657 3646 hoc
1700 3589 2026 3648 ostendere.

687 3671 958 3734 Primum
1002 3673 1192 3753 igitur
1237 3675 1713 3753 vituperandum.
1746 3682 1863 3749 est,
1911 3677 2070 3753 quod
2117 3675 2429 3737 Ebrardus
2475 3696 2550 3738 ex
2593 3676 2769 3750 vitis}

510 3760 743 3838 quibus,
790 3761 1004 3834 utitur,
1048 3763 1110 3821 id
1156 3765 1345 3824 solum
1391 3764 1638 3842 accipit,
1700 3765 1860 3841 quod
1917 3765 2257 3844 opinionem
2304 3785 2471 3826 suam
2517 3764 2764 3826 videtur

508 3850 873 3924 confirmare,
921 3857 1148 3924 contra,
1195 3873 1345 3928 quae
1378 3854 1550 3915 vitae
1586 3853 1793 3916 dicunt
1825 3853 2127 3916 contraria
2170 3873 2312 3914 suae
2361 3853 2645 3931 opinioni,
2677 3855 2762 3915 ab

506 3938 655 4016 ipsis
699 3939 1092 4019 scriptoribus
1137 3941 1276 4002 ficta
1322 3962 1448 4002 esse
1479 3941 1756 4006 affirmat.
1817 3943 1926 4016 At,
1972 3942 2025 4002 si
2049 3941 2360 4005 nobiscum
2391 3948 2760 4021 reputamus5

512 4028 747 4104 qualem
808 4029 1168 4090 sententiam
1228 4030 1388 4108 apud
1446 4030 1651 4108 ipsum
1691 4020 2047 4092 columbam
2101 4031 2530 4105 innectimus,
2590 4038 2761 4093 certo

508 4137 625 4176 non
686 4117 992 4191 habemus,
1049 4119 1208 4195 quod
1264 4119 1406 4180 vitis
1458 4119 1647 4182 fldem:
1692 4120 2027 4197 adjungere
2071 4119 2426 4182 dubitemus.
2517 4121 2765 4184 Revera

506 4205 697 4282 igitur
741 4206 1101 4267 monasteria
1152 4213 1324 4268 erant
1369 4207 1837 4290 conyreyetionee
1866 4206 2160 4290 viv-yinum
2192 4205 2417 4270 Clm'sti
2451 4210 2616 4286 (Jon.
2648 4209 2777 4272 vit„

507 4294 679 4354 Eust.
732 4295 832 4368 17,
878 4316 934 4373 Ρ.
973 4296 1132 4368 122;
1183 4297 1221 4358 2
1270 4318 1327 4374 Ρ.
1367 4298 1488 4355 117
1538 4304 1605 4358 et
1644 4296 1933 4375 saepius);
1986 4318 2177 4375 neque
2223 4304 2425 4377 potest
2470 4298 2756 4372 dubitari,

509 4383 656 4459 quin
701 4402 821 4444 non
867 4383 977 4443 soli
1021 4384 1344 4462 scniptores
1373 4386 1611 4461 (Jonas,
1655 4385 1773 4448 vit..
1793 4385 1983 4464 Burg.
2017 4388 2077 4462 ὃ,
2104 4387 2263 4450 nab.
2296 4386 2383 4460 ΙΙ,
2432 4388 2761 4462 ann..655,
