3134 5034
1394 292 1886 350 -104—

509 491 628 547 que
675 470 1086 547 cognovimus,
1133 489 1286 546 quae
1331 471 1413 529 sit
1457 469 1625 527 notio
1673 467 1837 527 vocis
1900 469 2235 539 clientelae,
2295 467 2759 526 luculentissime

512 565 769 637 apparet
813 579 888 618 ex
933 558 1026 631 iis,
1075 578 1227 635 quae
1273 558 1338 616 in
1385 558 1645 636 epistula
1690 557 1797 616 illa
1827 556 2121 617 Columba
2161 556 2458 633 Gregorio
2494 556 2760 633 scripsit,

510 647 863 707 Columbam
909 649 988 706 ab
1019 647 1294 706 omnibus
1323 647 1556 708 clericis
1593 681 1671 691 —
1707 666 1782 706 ne
1814 645 2163 705 inferiorum
2194 645 2436 722 quidem
2465 644 2762 722 graduum

508 735 740 796 clericis
783 736 1050 813 exceptis
1085 768 1163 780 —
1189 736 1542 812 postulasse,
1587 742 1659 794 ut
1704 735 1766 794 in
1813 735 2113 794 caelibatu
2158 735 2445 794 viverent.
2520 733 2761 792 Diserte

507 825 666 884 enim
713 825 842 903 ipse
888 825 1215 884 affirmavit
1259 824 1321 882 in
1368 823 1599 883 clericis
1643 823 2004 883 adulterium
2051 843 2184 882 cum
2229 822 2514 881 uxoribus
2568 855 2642 866 —-
2689 829 2762 882 ut

507 915 596 975 ita
640 912 836 972 dicam
879 913 1233 973 necessitate
1280 921 1518 972 coactus
1572 948 1649 958 -
1701 912 1864 991 apud
1909 911 2122 971 Scotos
2167 932 2286 971 non
2332 911 2580 971 minoris
2626 931 2761 970 cen·

512 1002 631 1061 seri
676 1002 956 1062 facinoris
988 1022 1167 1078 quam
1199 1001 1560 1062 adulterium
1607 1022 1740 1060 cum
1771 1002 1971 1080 puella
2001 1001 2260 1077 quadam
2289 1000 2757 1079 perpetratum.¹

688 1091 856 1165 Quae
901 1111 1034 1151 cum
1075 1090 1166 1151 ita
1210 1090 1348 1163 sint,
1396 1110 1514 1168 quo
1559 1089 1794 1149 facilius
1838 1097 1932 1149 est
1971 1090 2215 1163 diluere,
2260 1109 2415 1166 quae
2442 1088 2760 1148 Ebrardus

506 1180 759 1258 protulit
788 1179 865 1238 ad
895 1179 1361 1238 confirmandam
1405 1198 1573 1238 suam
1620 1178 1961 1256 opinionem
1993 1180 2091 1253 (cf.
2115 1177 2392 1254 Loening
2422 1177 2512 1251 11,
2545 1200 2603 1255 p.
2629 1177 2761 1236 428

506 1273 629 1328 not.
666 1269 748 1343 1),
794 1288 866 1327 eo
910 1269 1101 1345 magis
1146 1267 1294 1326 mihi
1337 1274 1681 1345 pertaesum
1725 1273 1817 1327 est
1864 1267 1926 1326 in
1970 1267 2065 1326 his
2110 1268 2292 1327 cassis
2334 1287 2579 1345 operam
2625 1288 2761 1343 per·

506 1358 664 1417 dere.
725 1356 934 1417 Nostri
973 1356 1179 1434 potius
1217 1356 1432 1431 fl‘udicii
1477 1376 1769 1414 summam
1813 1356 2125 1415 faciamus:
2173 1362 2409 1415 tantum
2448 1356 2645 1426 abest,
2689 1363 2763 1414 ut

505 1445 864 1507 testimoniis
923 1444 1335 1505 confirmatum
1395 1445 1477 1505 sit
1534 1446 1633 1504 vel
1694 1445 1876 1504 etiam
1900 1507 1907 1511 ,
1935 1445 2273 1504 confirmari
2345 1444 2537 1522 possit
2596 1444 2761 1522 apud

505 1534 719 1595 scotos
763 1553 899 1594 cum
945 1535 1017 1593 in
1059 1533 1382 1593 Britannia
1425 1540 1490 1593 et
1533 1532 1832 1593 Hibernia
1891 1539 2021 1592 tum
2078 1534 2143 1592 in
2196 1533 2530 1593 continenti
2590 1533 2759 1592 cleri-

505 1643 712 1683 corum
756 1622 1137 1682 matrimonia
1167 1629 1246 1682 ·et
1287 1623 1526 1701 saepius
1571 1623 1820 1683 inventa
1872 1623 1995 1682 sint
2036 1630 2113 1682 -et
2156 1623 2353 1681 minus
2396 1622 2761 1701 vituperata,

505 1718 577 1771 ut
637 1718 848 1770 contra
906 1711 1086 1770 liceat
1141 1711 1437 1790 suspicari
1498 1711 1660 1788 apud
1720 1711 1956 1785 Scotos,
2025 1717 2238 1789 utpote
2296 1711 2517 1788 quibus
2578 1711 2762 1770 etiam

505 1800 697 1901 magis
742 1819 922 1876 quam
961 1800 1102 1861 aliis
1145 1800 1277 1861 vita
1327 1799 1749 1860 monachorum
1810 1821 2073 1860 summae
2132 1800 2516 1879 perfectionis
2577 1800 2762 1859 fuerit

503 1889 722 1966 imago,
768 1894 831 1948 et
874 1889 1131 1949 rariores
1173 1889 1357 1949 fuisse
1402 1889 1666 1962 clericos,
1713 1889 1819 1966 qui
1862 1889 1927 1948 in
1971 1889 2366 1949 matrimoniis
2412 1889 2510 1948 vel
2557 1890 2759 1968 potius

501 1978 570 2036 in
626 1977 937 2038 adulteriis
991 1979 1087 2039 vel
1139 1977 1366 2057 stupris
1420 1978 1709 2051 vixerint,
1768 1983 1835 2038 et
1887 1978 1941 2037 si
1984 1979 2236 2051 fuerint,
2296 1977 2492 2037 rarius
2535 1998 2760 2056 poenas

504 2066 809 2145 effugisse,
871 2088 1050 2144 quam
1110 2067 1175 2126 in
1237 2067 1371 2127 aliis
1429 2067 1712 2126 ecclesiae
1771 2067 2045 2146 partibus
2105 2067 2379 2145 inprimis
2432 2067 2499 2126 in
2555 2064 2759 2126 Gallia

495 2157 607 2230 (cf.
651 2176 835 2233 supra
879 2178 938 2233 p.
984 2157 1118 2232 82).

684 2244 896 2304 Saluta
939 2244 1129 2320 igitur
1172 2244 1370 2322 priore
1416 2264 1622 2304 earum
1669 2245 2110 2321 quaestionum,
2173 2264 2322 2322 quas
2378 2265 2563 2322 supra
2610 2264 2756 2322 pro-

503 2350 833 2411 posueram,
879 2353 1036 2390 nunc
1076 2334 1153 2391 ad
1184 2333 1432 2394 alteram
1463 2332 1774 2393 venientes
1805 2353 2178 2409 quaeramus,
2223 2354 2365 2394 num
2410 2333 2530 2392 alia
2568 2333 2760 2393 tuerit

502 2420 668 2499 apud
689 2420 1023 2482 -Columhae
1053 2422 1259 2481 tsocios
1288 2421 1418 2481 vita
1461 2421 1809 2481 monachica
1851 2427 2034 2500 atque
2079 2423 2143 2480 in
2187 2422 2466 2482 universa
2512 2422 2756 2482 ecclesia

503 2517 569 2570 et
614 2510 762 2588 quid
805 2510 880 2569 de
925 2510 1347 2570 monachorum
1394 2509 1521 2569 vita
1566 2510 1696 2588 ipse
1741 2511 2023 2571 statuerit
2067 2511 2373 2571 Columba.

681 2599 818 2658 Hoc
862 2599 1105 2659 tandem
1161 2601 1292 2658 loco
1337 2598 1717 2659 inveniemus
1772 2601 2062 2660 nonnulla
2106 2600 2422 2660 Scotorum
2481 2600 2754 2679 propria,
2740 2622 2754 2635 ·

501 2684 819 2746 Scotorum
864 2687 1023 2760 dico,
1083 2707 1205 2747 non
1259 2687 1435 2747 unius
1480 2686 1833 2761 Columbae,
1892 2709 2033 2748 nam
2089 2708 2224 2748 cum
2270 2689 2564 2748 Columba
2619 2709 2757 2748 con-

501 2774 748 2836 fiteatur
792 2796 855 2835 se
891 2796 1153 2854 suosque
1195 2796 1331 2838 cm
1375 2795 1622 2836 suorum
1664 2774 1882 2857 requbs
1916 2797 2163 2838 manere
2205 2776 2498 2838 senior-mu
2528 2779 2662 2855 (ep.
2698 2779 2755 2850 1,

503 2887 562 2944 p.
605 2865 696 2924 24
737 2864 844 2941 F),
913 2866 1138 2940 omnia,
1207 2885 1361 2944 quae
1421 2866 1584 2943 apud
1646 2865 1995 2926 Columbam
2054 2867 2469 2939 inveniuntur,
2534 2866 2756 2926 similia

499 2954 685 3015 fuisse
729 2954 794 3013 in
839 2955 1137 3014 Hibernia
1181 2955 1470 3032 neglectis
1515 2954 1779 3016 Ebrardi
1822 2956 2025 3015 uerbis
2071 2957 2155 3033 (p.
2203 2955 2326 3015 153
2374 2961 2500 3014 not.
2549 2955 2634 3015 64
2666 2956 2755 3015 cf.

502 3064 560 3120 p.
614 3042 759 3114 147,
805 3048 927 3102 not.
976 3042 1086 3119 57)
1134 3043 1553 3120 suspicandum
1602 3050 1708 3103 est.
1797 3043 2026 3103 Eorum
2073 3045 2312 3121 quidem
2358 3043 2589 3122 opini0,
2650 3045 2756 3121 qui

502 3135 571 3189 ut
629 3129 941 3189 Ebrardus
998 3136 1213 3208 putant
1273 3131 1435 3210 apud
1496 3130 1709 3191 Scotos
1783 3133 2023 3192 omnino
2091 3132 2279 3194 vitam
2348 3132 2756 3194 monachicam

500 3237 745 3298 prorsus
775 3218 954 3278 aliam
984 3219 1167 3280 fuisse
1196 3226 1380 3297 atque
1411 3220 1576 3292 alibi,
1623 3240 1948 3297 numquam
1989 3221 2225 3281 facilius
2253 3222 2504 3281 refutari
2533 3228 2754 3300 potest,

499 3326 681 3386 quam
725 3306 837 3367 hoc
877 3308 1014 3388 ipso
1061 3310 1205 3382 loco,
1251 3309 1357 3369 ubi
1402 3308 1477 3368 de
1508 3308 1801 3371 Golumba
1844 3309 2060 3387 agitur.
2123 3311 2301 3386 Quod
2328 3316 2399 3371 ut
2426 3310 2754 3384 videamus,

499 3401 682 3456 antea
715 3397 904 3456 -licoat
947 3415 1258 3474 quaerore,
1319 3398 1476 3456 unde
1535 3399 1805 3475 profecta
1863 3399 1945 3458 sit
1989 3399 2117 3459 vita
2140 3399 2521 3458 .monachica.
2606 3398 2751 3472 Sed,

501 3505 575 3543 ne
621 3484 683 3544 in
730 3483 1079 3565 Aegyptum
1124 3487 1375 3546 lectores
1421 3487 1733 3560 deducam,
1774 3486 1990 3547 ,timere
2038 3508 2185 3565 opus
2230 3507 2351 3547 non
2397 3494 2506 3548 est.
2594 3488 2754 3548 Nam

500 3573 605 3631 vix
650 3573 712 3632 in
758 3572 1179 3653 Aegyptorum
1224 3575 1391 3636 cultu
1438 3596 1507 3634 ac
1552 3575 1842 3653 religione
1887 3576 2273 3636 monachatus
2318 3576 2616 3665 principia
2661 3576 2750 3636 in-

500 3661 695 3720 veniri
737 3679 924 3739 posse
982 3669 1159 3742 puto,
1219 3664 1303 3724 ab
1363 3664 1496 3742 ipsa
1553 3664 1756 3742 potius
1814 3664 1933 3724 fide
1993 3665 2318 3726 christiana
2380 3685 2568 3742 enque
2631 3685 2753 3725 nm

492 3755 662 3808 recte
691 3748 998 3810 intellecta
1027 3752 1194 3830 origo
1226 3752 1386 3812 vitae
1415 3752 1794 3813 monachicae
1834 3754 2162 3832 repetenda
2192 3759 2286 3813 est
2317 3755 2414 3830 (cf.
2445 3753 2750 3827 Earnack,

498 3832 637 3898 Das
680 3834 1082 3900 Mevwhtkum.
1122 3836 1395 3902 —Et‘ne
1439 3835 2180 3924 kircherfflwt.Vm·le.sun9.
2241 3838 2833 3932 2>.Anqu.18812.„.K

495 3948 558 4007 p.
598 3928 640 3985 8
681 3929 854 4006 sqq..)
948 3929 1302 4010 Quicunque
1348 3930 1507 3989 enim
1551 3929 1978 4010 detorquentes
2033 3931 2097 3991 in
2141 3951 2379 3992 sensum
2418 3932 2748 4010 physicum,

504 4101 783 4156 Columba
830 4102 1143 4169 repetenda
1192 4118 1313 4156 esse
1362 4102 1608 4157 uidetur.
1684 4103 1961 4159 Attamen
2022 4104 2224 4158 melius
2273 4108 2362 4158 est
2405 4104 2750 4159 testimoniis

495 4172 751 4237 incertis,
789 4173 997 4227 saltem
1035 4172 1220 4227 dubiis
1257 4190 1374 4227 non
1411 4174 1513 4228 uti.

645 4245 666 4277 ²
703 4244 774 4297 In
813 4243 960 4298 hanc
999 4244 1151 4298 enim
1187 4245 1529 4299 sententiam
1553 4245 1729 4299 verba
1766 4245 1870 4299 illa
1902 4262 2015 4301 uon
2049 4245 2282 4316 minoris
2305 4249 2401 4301 etc.
2431 4246 2587 4301 dicta
2623 4261 2746 4301 esse

502 4315 865 4369 manifestum
919 4320 1005 4369 est
1052 4332 1123 4369 ex
1171 4314 1317 4370 libro
1367 4316 1438 4369 de
1488 4316 1969 4383 poenitentiarum
2016 4334 2298 4371 mensura.
2374 4317 2579 4387 Itaque
2616 4333 2747 4386 per-

487 4401 692 4454 peram
729 4386 1112 4456 suppleretur·
1151 4403 1318 4456 quam
1351 4387 1502 4457 apud
1536 4389 1741 4442 vestros
1777 4388 2088 4459 ηιαρίεύνοε.
