3134 5034
1452 301 1930 359 —106—

572 478 907 538 Perfectior
936 498 1079 556 ergo
1109 479 1236 539 vita
1282 479 1681 551 eremitarum,
1729 479 1832 539 sed
1861 479 2072 538 melior
2103 498 2172 537 ac
2202 478 2440 555 quidem
2471 477 2825 556 disciplinae

576 588 752 627 causa
811 568 940 628 vita
996 568 1356 627 coenobialis
1401 568 1722 628 videbatur
1783 588 1909 627 esse
1969 567 2179 627 Colum
2188 569 2311 627 bae.
2402 566 2478 625 In
2525 567 2824 627 coenobiis

572 657 762 734 igitur
820 657 1093 717 monachi
1153 659 1280 732 ejus
1325 657 1613 717 vivebant
1657 657 1814 716 votis
1873 656 2173 735 impediti,
2245 655 2556 732 quominus
2616 655 2823 715 invitis

575 745 893 806 abbatibus
939 746 1198 823 primum
1244 745 1645 805 conversionis
1689 746 1884 805 locum
1929 746 2349 822 relinquerent.
2419 743 2505 803 Et
2549 751 2826 805 votorum
2866 742 2888 755 “

575 854 727 912 quae
775 840 907 894 erat
949 833 1082 894 vis?
1150 832 1339 893 Irrita
1383 834 1513 893 fieri
1560 840 1868 912 poterant,
1930 853 2094 906 nam,
2158 833 2263 910 qui
2323 833 2657 910 corrigendi
2702 853 2825 892 non

576 930 776 996 erant,
846 943 945 984 eos
995 943 1112 982 non
1171 923 1346 982 aliter
1389 929 1572 1002 atque
1618 922 1982 982 Benedictus
2029 922 2400 982 cassinensis
2447 925 2593 998 (reg.
2641 943 2687 980 c.
2739 923 2823 979 28

575 1012 848 1085 Holsten,
897 1010 1023 1070 cod.
1053 1032 1178 1088 reg.
1209 1010 1296 1085 II,
1327 1033 1386 1090 p.
1422 1011 1505 1070 35
1544 1046 1622 1056 —
1659 1031 1972 1091 perperam
2004 1012 2181 1070 aliter
2209 1011 2537 1082 Ebrardus,
2585 1032 2642 1089 p.
2677 1011 2826 1083 233,

577 1102 648 1160 cf.
703 1102 826 1159 196
871 1102 986 1177 sq.)
1033 1100 1107 1159 de
1152 1102 1405 1160 fratrum
1451 1101 1694 1160 cohorte
1739 1100 2030 1160 removeri
2069 1099 2268 1176 jussit,
2315 1100 2420 1160 sed
2463 1099 2578 1159 nisi
2625 1100 2688 1157 in
2733 1117 2826 1158 re·

577 1190 883 1250 movendis
912 1195 1056 1249 vota
1086 1189 1346 1249 rescindi
1391 1210 1511 1248 non
1558 1194 1856 1268 poterant.
1919 1189 2072 1248 Nam
2119 1189 2171 1248 si
2217 1188 2519 1248 monachis
2565 1189 2827 1248 licuisset

577 1300 681 1339 sua
728 1285 940 1356 sponte
984 1280 1237 1337 fratrum
1282 1278 1379 1338 vel
1435 1296 1702 1338 sororum
1763 1278 2107 1337 societatem
2165 1278 2519 1355 relinquere,
2576 1312 2663 1322 —-
2724 1297 2831 1336 cur

574 1368 728 1427 duae
782 1366 918 1426 illae
972 1367 1259 1443 virgines,
1328 1366 1403 1426 de
1459 1368 1678 1445 quibus
1721 1368 1912 1427 Jonas
1965 1366 2328 1426 mentionem
2382 1367 2526 1426 fecit
2581 1367 2644 1424 in
2699 1366 2828 1426 vita

575 1455 1071 1533 Burgundofarae
1118 1457 1191 1531 (c.
1231 1455 1328 1529 15,
1374 1477 1433 1533 p.
1466 1458 1642 1532 446),
1691 1457 1842 1515 clam
1888 1476 1950 1516 se
1996 1455 2447 1514 subduxerunt}>
2870 1529 2875 1532 Δ

754 1543 830 1602 Ι11
877 1543 969 1602 his
1015 1544 1209 1603 adhuc
1254 1545 1404 1603 nihil
1450 1544 1765 1605 Scotorum
1809 1545 2136 1623 proprium.
2228 1545 2320 1604 Ne
2375 1544 2640 1623 duplicia
2698 1544 2828 1622 qui·

577 1633 710 1692 dem
773 1634 1134 1693 monasteria
1195 1632 1508 1694 Scotorum
1564 1634 1810 1713 propria
1867 1633 2046 1693 fuisse
2092 1633 2390 1693 videntur.
2482 1633 2831 1692 Invenimus

579 1742 649 1781 ea
695 1722 758 1780 in
803 1720 1147 1794 Britannia,
1208 1722 1596 1783 inveniuntur
1640 1724 1821 1781 etiam
1878 1722 2039 1801 apud
2085 1722 2414 1804 Columbae
2473 1722 2666 1782 socios
2725 1721 2832 1780 sed

549 1810 823 1884 ·rariora,
868 1816 938 1869 ut
984 1811 1212 1889 opinor,
1261 1832 1439 1888 quam
1484 1812 1798 1871 Ebrardus
1845 1814 1928 1890 (p.
1963 1812 2092 1870 203
2126 1813 2283 1888 sqq.)
2330 1817 2415 1884 et,
2477 1812 2579 1889 qui
2628 1812 2692 1869 in
2736 1810 2831 1870 his

577 1899 756 1958 fidem
811 1899 898 1957 illi
953 1899 1224 1973 habuit„
1259 1900 1629 1978 Loeningius
1675 1901 1794 1977 (ΙΙ,
1842 1923 1900 1979 p.
1935 1901 2091 1977 430)
2151 1900 2434 1959 videntur
2492 1917 2604 1979 pro
2666 1905 2831 1959 certo

577 1988 825 2063 habere,
886 2009 1024 2048 nam
1074 2009 1146 2047 ex
1192 1989 1267 2049 iis
1311 1990 1712 2063 monasteriis,
1775 2009 1928 2065 quae
1983 2010 2019 2048 a
2081 1988 2254 2048 sociis
2307 1989 2404 2050 vel
2440 1989 2669 2047 amicis
2715 1987 2830 2047 Co-

578 2078 817 2136 lumbae
864 2077 1104 2137 condita
1149 2085 1304 2151 sunt,
1352 2080 1480 2139 sola
1526 2078 1695 2152 haec,
1742 2079 1861 2137 nisi
1905 2079 2108 2151 fallor,
2156 2078 2418 2157 duplicia
2465 2084 2663 2136 erant:
2709 2096 2831 2135 mo-

577 2167 905 2226 nasterium
935 2166 982 2226 J
982 2167 1154 2226 orani
1183 2167 1414 2227 montis
1449 2168 1547 2242 (cf.
1577 2167 2055 2240 Montalembert,
2101 2167 2188 2225 les
2233 2167 2459 2226 moines
2503 2165 2832 2225 d’oc-cident

567 2255 665 2327 ΛΠ,
711 2276 769 2332 p.
803 2255 951 2326 597,
999 2255 1208 2329 Varin,
1255 2263 1426 2314 mem.
1478 2258 1534 2328 2,
1582 2278 1638 2333 p.
1679 2257 1850 2332 181),
1895 2256 2514 2315 Faraemonasterium
2561 2255 2831 2331 (Montal.

580 2366 638 2423 p.
687 2344 841 2416 614,
889 2343 1082 2402 Varin
1129 2344 1167 2404 l.
1216 2346 1309 2420 c.),
1368 2344 1668 2403 Habenda
1727 2345 2000 2420 (Montal.
2058 2365 2115 2422 p.
2166 2346 2339 2421 631),
2408 2344 2832 2403 monasterium

563 2432 885 2492 -Dervense
932 2432 1204 2508 (Montal.
1250 2455 1308 2512 p.
1344 2435 1491 2507 611,
1538 2435 1615 2492 cf.
1652 2433 1928 2510 Loening
1959 2433 2044 2507 H,
2093 2455 2151 2511 p.
2185 2434 2308 2492 431
2347 2439 2470 2492 not.
2507 2434 2590 2510 2).
2682 2432 2830 2490 Pro·

580 2520 713 2600 pria
742 2542 885 2581 vero
916 2521 1228 2581 Scotorum
1274 2522 1457 2581 fuisse
1503 2522 1845 2598 hujusmodi
1889 2522 2251 2582 monasteria
2282 2522 2431 2580 mihi
2470 2521 2830 2600 persuadere

552 2631 699 2670 ·non
744 2611 934 2688 potui.
997 2610 1213 2669 Varini
1259 2611 1433 2684 enim,
1480 2612 1585 2687 qui
1632 2614 1827 2687 (mem.
1860 2613 1920 2684 2,
1965 2632 2025 2689 p.
2064 2611 2439 2687 165-204)
2486 2610 2666 2688 primi
2706 2613 2833 2685 jam

581 2696 758 2775 huJus
803 2698 1038 2775 generis
1083 2699 1147 2756 in
1193 2697 1395 2758 Gallia
1440 2699 1814 2772 monasterii,
1875 2699 2248 2759 Pictavensis
2262 2744 2276 2773 ,
2341 2700 2537 2760 medio
2600 2698 2833 2758 saeculo

552 2795 760 2848 (sexto.
796 2807 833 2845 a
863 2787 1249 2865 -Radegunde
1303 2789 1511 2865 regina
1556 2789 1807 2862 conditi,
1869 2789 2161 2867 originem
2216 2810 2251 2847 a
2307 2787 2505 2848 Scotis
2556 2791 2832 2866 repeten-

583 2878 719 2936 dam
775 2897 901 2937 esse
955 2878 1210 2947 censuit,
1270 2885 1626 2955 argumenta
1679 2877 1952 2937 doctiora
1998 2897 2177 2955 quam
2233 2878 2595 2955 simpliciora
2642 2896 2835 2952 neque

580 2966 729 3025 mihi
773 2982 993 3042 neque,
1053 2971 1123 3024 ut
1151 2966 1431 3040 videtur,
1477 2967 1812 3044 Loeningio
1859 2966 1971 3043 (II,
2017 2987 2076 3044 p.
2111 2967 2268 3043 430)
2315 2967 2390 3025 de
2434 2966 2546 3024 hac
2589 2985 2655 3024 re
2700 2985 2835 3043 per·

584 3055 831 3113 suadere
876 3059 1219 3132 potuerunt.
1279 3056 1433 3115 Nam
1482 3076 1612 3115 cum
1661 3076 1885 3116 morem
1931 3056 2098 3113 illum
2144 3055 2210 3114 in
2256 3055 2485 3115 oriente
2528 3054 2830 3129 exstitisse

557 3147 832 3215 constet,
878 3141 1036 3206 unde
1082 3162 1216 3201 eum
1263 3144 1325 3201 in
1354 3145 1714 3203 Hiberniam
1761 3150 1823 3203 et
1864 3145 1929 3203 in
1976 3144 2335 3221 Hispaniam
2378 3144 2612 3222 (Varin,
2660 3150 2830 3202 mem.

587 3235 643 3305 2,
668 3253 749 3310 .p.
804 3232 957 3307 170)
1001 3237 1394 3292 transmeasse
1440 3253 1631 3309 neque
1677 3233 1941 3292 Varinus
1986 3233 2261 3310 negavit,
2331 3251 2834 3311 supervacaneum

585 3340 711 3379 esse
757 3320 1000 3380 videtur
1056 3321 1382 3397 duplicium
1441 3322 1503 3380 in
1551 3321 1754 3380 Gallia
1811 3322 2307 3381 monasteriorum
2368 3321 2659 3398 originem
2721 3321 2834 3380 cir·

585 3409 844 3468 cuitione
903 3407 1166 3485 quadam
1220 3431 1258 3469 a
1316 3410 1510 3469 Scotis
1570 3417 1857 3489 repetere.
1922 3411 2298 3482 ·Praeterea,
2370 3411 2483 3470 etsi
2544 3427 2836 3488 ponamus

555 3497 986 3569 >Fridolinum,
1049 3497 1319 3570 Scotum,
1380 3519 1592 3559 revera
1635 3499 1974 3559 Pictavium
2009 3500 2390 3578 pervenisse,
2460 3506 2661 3558 tamen
2707 3498 2836 3558 sine

586 3586 769 3645 dubio
824 3586 1045 3645 saeculi
1074 3587 1258 3646 -sexti
1316 3588 1685 3666 temporibus
1748 3587 2062 3648 Scotorum
2123 3589 2187 3646 in
2249 3587 2450 3647 Gallia
2509 3587 2838 3647 auctoritas

560 3680 770 3733 tanta·
803 3694 922 3733 non
969 3682 1128 3748 erat,
1161 3682 1233 3734 ut
1275 3693 1496 3734 morem
1539 3695 1783 3754 prorsus
1812 3697 2031 3737 novum
2064 3681 2124 3735 et
2154 3677 2491 3735 inauditum
2538 3677 2601 3734 in
2634 3675 2836 3735 Gallia

557 3761 938 3822 *inducerent
982 3779 1232 3838 eumque
1275 3766 1484 3838 talem,
1546 3769 1712 3841 cujus
1754 3765 1888 3844 ipsa
1932 3771 2148 3825 natura
2192 3766 2468 3824 idoneam
2512 3765 2836 3843 reprehen-

559 3852 768 3912 sionis
813 3872 1020 3911 ansam
1064 3851 1226 3910 ultro
1272 3853 1588 3929 praeberet
1631 3854 2088 3932 impugnaturis.
2177 3854 2389 3931 Neque
2445 3855 2650 3913 eadem
2707 3859 2838 3912 erat

587 3941 764 4019 apud‘
781 3939 991 4001 Scotos
1035 3940 1390 3999 instituendi
1422 3944 1783 4002 monasteria
1814 3943 2076 4021 duplicia
2105 3943 2262 4002 ratio
2295 3951 2475 4020 atque
2520 3943 2582 4001 in
2616 3941 2836 4001 Gallia.

586 4028 774 4108 Apud
807 4027 1017 4089 Scotos
1050 4029 1206 4087 enim
1236 4049 1356 4090 una
1401 4031 1707 4092 abbatissa
1753 4038 1814 4090 et
1859 4052 2126 4092 sororum
2173 4038 2236 4091 et
2279 4033 2536 4090 fratrum
2582 4030 2836 4108 collegio

587 4125 863 4198 praeerat
909 4119 1008 4194 (cf.
1040 4137 1220 4195 supra
1249 4113 1473 4197 p.³81)‚
1520 4121 1585 4178 in
1617 4119 1816 4179 Gallia
1860 4121 2064 4198 priora
2108 4121 2448 4197 hujusmodi
2477 4121 2839 4180 monasteria

556 4214 650 4268 ‘et
681 4202 952 4286 ⁴primum
1013 4206 1253 4283 quidem
1312 4209 1737 4268 monasterium
1781 4208 2139 4269 Pictavense
2199 4199 2525 4288 separatim
2585 4207 2835 4268 admini-

589 4302 782 4356 strata
828 4297 943 4355 nisi
987 4297 1249 4355 locorum
1296 4298 1770 4375 propinquitate
1797 4299 2072 4376 copulata
2134 4304 2195 4356 et
2254 4299 2317 4356 in
2372 4318 2558 4357 unum
2616 4317 2835 4376 corpus

561 4389 912 4461 -conjuncta
950 4405 1070 4444 non
1116 4392 1313 4459 erant,
1375 4385 1773 4463 posteriorum
1807 4388 2112 4445 nonnulla
2158 4393 2227 4445 ut
2272 4387 2578 4448 Dervense
2624 4388 2714 4445 ita
2760 4387 2839 4445 ab
