3134 5034
1198 334 1629 391 -59—

283 510 457 571 enim
518 512 796 591 epistula,
857 516 1066 592 utpote
1127 512 1350 592 scripta
1404 533 1472 572 eo
1514 512 1825 592 tempore,
1888 535 2004 593 quo
2065 536 2194 575 cum
2240 516 2526 576 Hibernis

282 602 426 661 sedi
480 602 837 681 apostolicae
896 602 1012 661 fuit
1074 603 1482 662 commercium
1542 639 1626 647 —
1673 625 1809 663 nam
1870 611 2095 683 septem
2155 607 2326 666 annis
2387 612 2525 666 ante

284 692 486 768 legati
532 712 603 750 ex
649 691 943 752 Hibernia
987 690 1239 750 Romam
1287 698 1574 752 venerant
1619 695 1734 771 (ep.
1768 692 2131 769 Cummeani,
2163 697 2361 755 Usser.
2410 702 2524 756 vet.

285 802 390 858 ep.
450 781 569 839 hib.
617 781 745 858 syll.
801 802 858 858 p.
893 782 976 839 23
1030 816 1105 825 --
1158 782 1229 839 cf.
1278 780 1470 840 Skene
1516 782 1584 839 II
1630 803 1689 860 p.
1727 784 1878 860 161)
1926 819 2011 827 -
2058 785 2317 843 omnium
2375 805 2525 862 quae

287 875 537 929 exstant
582 870 653 929 de
699 871 809 929 hac
869 891 932 929 re
988 870 1460 930 testimoniorum
1516 872 1802 949 optimum
1865 879 1968 932 est.
2060 874 2266 950 Neque
2327 882 2526 933 tamen

285 960 535 1032 bonum,
583 980 718 1018 nam
766 966 842 1033 et,
889 960 990 1036 qui
1036 960 1260 1018 fuerint
1290 960 1558 1019 nonnulli
1591 981 1809 1034 eorum,
1858 963 2072 1038 quibus
2118 963 2405 1041 inscripta
2436 972 2528 1022 est

289 1050 579 1127 epistula,
640 1050 705 1107 in
766 1050 994 1108 occulto
1057 1050 1232 1122 latet,
1295 1055 1356 1109 et
1400 1050 1549 1127 proh
1597 1050 1785 1109 dolor!
1848 1052 2122 1128 ambigue
2168 1053 2390 1111 dictum
2438 1059 2528 1113 est

287 1137 447 1196 illud
492 1137 792 1219 ceterisque
836 1136 1247 1199 doctoribus
1292 1158 1410 1199 seu
1455 1137 1828 1199 abbatibus
1859 1134 2080 1200 Scottis
2145 1140 2326 1201 Certo
2371 1143 2526 1202 enim

291 1229 374 1287 ad
407 1228 595 1286 solum
628 1227 916 1287 Saranum
948 1228 1322 1287 referendum
1352 1249 1471 1287 non
1504 1236 1610 1301 est,
1659 1230 1762 1287 sed
1794 1236 1994 1289 utrum
2027 1230 2100 1288 de
2134 1231 2404 1291 omnibus
2450 1253 2526 1290 an

292 1318 371 1375 de
421 1318 558 1376 solis
600 1317 894 1376 Oromano
943 1317 1324 1393 Ernianoque
1386 1324 1448 1377 et
1507 1318 1890 1394 sequentibus
1937 1319 2157 1378 dictum
2204 1320 2311 1393 sit,
2359 1321 2524 1379 dubi-

293 1414 430 1466 tare
476 1407 631 1465 licet.
693 1406 796 1465 Ad
842 1427 1043 1465 omnes
1088 1408 1397 1466 referenda
1443 1428 1567 1466 6666
1614 1407 1717 1465 1116
1763 1409 1961 1481 verba,
2009 1430 2138 1468 mea
2185 1415 2276 1468 est
2306 1410 2525 1488 opini0,

291 1516 508 1574 neque,
557 1516 688 1554 cum
734 1496 1043 1574 permagni
1090 1497 1371 1556 momenti
1418 1497 1498 1556 sit
1542 1497 1685 1555 haec
1730 1518 1850 1571 res,
1897 1504 2142 1572 taceam,
2191 1499 2404 1576 quibus
2451 1500 2528 1559 ad

292 1587 450 1644 116110
512 1585 849 1663 opinionem
909 1585 1197 1644 adductus
1258 1587 1368 1644 sim
1428 1587 1816 1663 argumentis:
1888 1585 1982 1645 Ac
2042 1588 2232 1665 primo
2292 1588 2526 1664 quidem

295 1674 460 1753 quod
504 1674 651 1753 ipsis
696 1674 892 1734 verbis
936 1675 1080 1733 11660
1134 1675 1550 1752 interpretatio
1606 1676 1815 1734 melius
1870 1676 2125 1752 quadrat
2185 1697 2361 1756 quam
2407 1678 2526 1751 illa,

297 1764 555 1823 secundo
604 1764 778 1839 quod,
826 1765 978 1823 sicut
1021 1764 1178 1823 infra
1224 1765 1567 1837 videbimus,
1599 1764 2221 1841 Nordenhymbrorum
2269 1767 2531 1845 episcopi

293 1854 476 1913 iidem
533 1873 734 1912 omnes
795 1854 1042 1912 abbates
1102 1854 1283 1913 fuisse
1342 1854 1645 1927 videntur,
1708 1855 1888 1915 tertio
1950 1856 2108 1932 quod
2153 1855 2528 1916 Ardmachae

297 1963 451 2021 quae
501 1942 790 2015 Tomiani,
837 1942 1123 2002 Clonardi
1169 1963 1334 2020 (11166,
1381 1950 1450 2002 ut
1496 1943 1759 2016 videtur,
1807 1944 2159 2003 Columbani
2205 1946 2368 2004 sedes
2415 1945 2531 2005 fuit

301 2032 399 2108 (cf.
432 2031 759 2092 Stevenson
790 2032 849 2090 in
883 2032 1367 2091 annotationibus
1407 2033 1485 2091 ad
1513 2031 1715 2091 Bedae
1747 2034 1784 2091 l.
1819 2054 1867 2093 0.
1880 2033 1931 2110 1)
1965 2035 2318 2093 monasteria
2349 2034 2531 2094 fuisse

302 2126 533 2180 constat
558 2122 655 2197 (cf.
689 2142 870 2199 supra
892 2121 972 2178 55
1001 2125 1130 2198 sq.)‚
1167 2128 1379 2198 quarto
1413 2122 1575 2199 quod
1602 2122 1665 2180 in
1682 2120 2025 2181 Adamnani
2047 2124 2174 2183 vita
2207 2122 2528 2183 Columbae

300 2212 385 2286 (1,
421 2210 503 2267 40
536 2233 594 2289 p.
630 2211 785 2291 212)
818 2211 1076 2270 occurrit
1107 2209 1385 2270 Conallus
1418 2211 1658 2288 quidam
1692 2210 2010 2291 episcopm,
2058 2233 2232 2290 quem
2280 2213 2529 2271 eundem

298 2301 657 2359 monasterio
702 2300 931 2358 cuidam
978 2300 1304 2378 praefuisse
1359 2301 1643 2360 sermonis
1698 2308 2008 2362 contextus
2063 2302 2260 2375 docet,
2321 2303 2529 2379 quinto

301 2390 461 2465 quod
521 2390 678 2488 apud
738 2390 986 2447 eundem
1047 2389 1466 2448 Adamnanum
1534 2390 1755 2449 mentio
1824 2390 1894 2450 fit
1953 2391 2149 2469 Golgii
2210 2392 2528 2469 cujusdam,

292 2474 577 2556 primaria
630 2473 878 2557 alicujus
937 2475 1197 2538 ecclesiae
1243 2480 1327 2555 (l,
1381 2481 1456 2537 17
1508 2502 1565 2558 p.
1617 2480 1787 2556 204),
1852 2480 1951 2557 qui
2014 2501 2143 2539 cum
2206 2501 2530 2540 sermonem

298 2566 575 2625 habuisse
623 2565 855 2626 dicatur
900 2587 1030 2626 cum
1062 2566 1351 2628 Columba
1382 2568 1455 2628 de
1497 2588 1615 2629 uno
1646 2567 1834 2629 tenaci
1867 2567 2247 2651 primatium
2260 2570 2332 2630 de
2351 2590 2526 2650 prae-

291 2654 497 2735 positis
543 2674 680 2715 suae
726 2654 1037 2716 dioeceseos
1083 2659 1168 2733 (l,
1204 2659 1284 2715 29
1333 2680 1390 2736 p.
1424 2659 1581 2735 208)
1630 2659 1939 2737 episcopus
1987 2665 2073 2733 et,
2121 2681 2254 2718 cum
2299 2660 2530 2737 saepius

301 2746 459 2823 apud
506 2742 855 2804 Columbam
902 2747 1096 2806 Jonas
1145 2753 1534 2807 commoratus
1577 2748 1671 2821 sit,
1729 2748 2048 2807 monachus
2095 2755 2185 2809 est
2228 2750 2530 2808 habendus

304 2836 394 2909 (cf.
443 2832 701 2892 Adamn.
757 2837 810 2907 1,
862 2837 942 2893 27
991 2856 1048 2912 p.
1099 2837 1272 2910 207),
1335 2842 1503 2895 sexto
1565 2836 1820 2912 denique
1880 2837 2038 2912 quod
2097 2838 2160 2896 in
2219 2838 2531 2896 annalibus

303 2944 473 3002 saepe
522 2929 838 2982 occurrunt
884 2923 1145 3002 episcopi
1194 2925 1292 3000 qui
1340 2925 1517 2983 iidem
1547 2925 1794 2983 abbates
1839 2933 2010 2985 erant
2041 2927 2183 3002 (vid.
2217 2926 2411 2986 Skene
2442 2927 2529 2999 Π,

301 3034 356 3089 p.
406 3013 488 3070 44
537 3020 659 3072 not.
708 3013 794 3090 8).
889 3011 1008 3071 Sed
1071 3012 1432 3071 levissimum
1479 3021 1571 3073 est
1628 3014 1777 3073 illud
1835 3024 2082 3077 sextum.
2183 3017 2337 3077 Nam
2401 3036 2530 3074 cum

305 3102 599 3160 annalium
657 3102 759 3180 qui
806 3108 1042 3161 exstant
1087 3102 1501 3179 antiquissimi,
1548 3103 1907 3180 Tigernachi
1939 3106 2009 3183 (†
2046 3106 2238 3182 1088)
2273 3107 2529 3179 60116166,

306 3192 532 3250 66601110
597 3192 830 3251 (1611111111
890 3192 1196 3251 undecimo
1245 3193 1567 3270 conscripti
1627 3194 1769 3265 sint,
1833 3215 2022 3270 pauca
2079 3196 2211 3267 illa,
2274 3216 2423 3273 quae
2469 3195 2530 3253 in

306 3280 611 3340 annalibus
657 3282 895 3359 prodita
942 3288 1079 3341 sunt
1123 3282 1484 3358 hujusmodi:
1547 3279 1646 3341 ille
1690 3281 1859 3364 episc.
1907 3281 2065 3356 obiit,
2126 3281 2222 3343 ille
2265 3283 2434 3365 episc.
2481 3293 2531 3343 et

306 3366 425 3427 abb.
473 3367 624 3443 obiit,
670 3367 766 3429 ille
809 3369 937 3431 abb.
985 3369 1122 3431 obiit
1165 3372 1377 3431 idonea
1424 3393 1549 3431 esse
1597 3392 1713 3430 non
1754 3370 2048 3444 videntur,
2098 3373 2310 3450 quibus
2357 3393 2528 3450 argu-

305 3458 514 3517 mentis
559 3465 814 3518 utamur.
878 3460 1013 3520 Etsi
1061 3461 1216 3520 enim
1264 3461 1700 3537 antiquioribus
1748 3461 1984 3538 scriptis
2029 3462 2122 3520 usi
2152 3469 2291 3521 sunt
2323 3462 2528 3540 'Piger-

309 3547 524 3605 nachus
571 3554 632 3607 et
676 3549 1050 3625 posteriores,
1098 3557 1295 3610 tamen
1329 3557 1492 3610 certa
1523 3570 1667 3623 6666,
1716 3570 1866 3627 (11166
1904 3550 1977 3609 (16
2009 3550 2302 3628 dignitate
2333 3551 2530 3629 singu-

307 3637 491 3693 lorum
540 3636 945 3713 prodiderunt,
994 3640 1125 3717 quis
1171 3639 1465 3699 affirmet?
1534 3640 1668 3700 Non
1717 3660 1857 3698 vero
1904 3640 2140 3699 omnino
2199 3661 2348 3719 nego
2402 3640 2531 3700 fieri

309 3744 498 3802 posse,
546 3731 613 3782 ut
669 3726 986 3803 aliquando
1032 3729 1097 3786 id
1140 3729 1359 3807 ipsum,
1425 3729 1584 3806 quod
1637 3729 1876 3789 annales
1923 3730 2184 3805 ejusdem
2228 3731 2391 3791 urbis
2437 3732 2531 3791 vel

309 3814 646 3873 monasterii
709 3816 1010 3892 praesules
1064 3818 1237 3877 modo
1296 3818 1544 3878 abbates
1608 3819 1779 3877 modo
1810 3819 2132 3897 ‘episcopos
2178 3826 2241 3879 et
2286 3822 2532 3880 abbates

311 3903 626 3976 nominant,
673 3903 750 3962 ad
795 3905 1260 3965 adumbrandam
1292 3907 1571 3967 ecclesiae
1603 3907 1912 3967 Scotorum
1957 3908 2264 3968 historiam
2306 3909 2532 3987 aliquid

311 3993 584 4053 momenti
629 3992 866 4068 afferat,
913 3995 1016 4053 sed
1062 3996 1268 4055 itidem
1314 3996 1445 4055 fieri
1490 3997 1716 4076 potuit,
1764 4004 1833 4057 ut
1879 3998 2179 4056 nominum
2225 4020 2293 4058 ac
2338 3998 2530 4076 digni·

313 4086 493 4140 tatum
554 4083 747 4142 minus
811 4083 1130 4162 diligenter
1188 4087 1477 4145 rationem
1538 4086 1827 4146 haberent
1889 4087 2226 4167 scriptores.
2316 4087 2531 4165 Itaque

452 4310 472 4340 ¹
513 4310 707 4363 Verba
747 4312 1013 4365 adderem
1040 4312 1111 4365 de
1137 4312 1434 4377 Baithan0‚
1476 4313 1583 4365 11161
1624 4312 1768 4367 falsa
1805 4319 2004 4376 essent,
2047 4331 2188 4383 quae
2217 4314 2532 4369 Stevenson

314 4381 370 4432 in
404 4382 770 4436 annotatione
810 4383 881 4436 de
922 4400 986 4436 eo
1026 4383 1261 4451 profert.
1327 4383 1414 4437 De
1454 4384 1636 4437 altero
1677 4385 1825 4438 enim
1862 4385 2140 4439 Baithano
2166 4386 2530 4440 Adamnanus

317 4451 526 4506 locutus
566 4469 685 4506 esse
723 4453 966 4520 videtur,
1007 4455 1078 4509 de
1117 4456 1295 4509 altero
1336 4455 1625 4509 Johannes
1664 4473 1828 4524 papa.
