3134 5034
1544 275 1980 334 -54—

651 452 825 516 editis
871 455 956 514 nil
1002 453 1171 515 verbi
1217 452 1458 527 addam,
1506 475 1644 514 nam
1690 475 1892 515 omnes
1936 475 2056 515 non
2103 457 2337 516 exclusa
2382 456 2757 530 Cumeani‚
2808 477 2964 534 quae

650 551 922 625 putatur,
983 544 1110 604 vita
1173 541 1337 620 (Act.
1370 542 1476 602 SS.
1507 544 1662 604 Boll.
1692 544 1825 604 Juli
1863 546 1918 604 9.
1950 567 2007 624 p.
2046 544 2168 604 185
2201 548 2356 623 sqq.)
2416 548 2514 606 ab
2584 545 2962 607 Adamani
3061 560 3062 577 ι

651 635 803 694 libro
848 635 1147 712 profectas
1194 652 1318 692 esse
1366 631 1659 693 Schoellio
1713 634 2100 694 libentissime
2150 634 2425 695 concedo.
2542 636 2792 714 Neque
2843 657 2961 695 ma·

645 723 796 802 joris
841 722 1123 782 momenti
1171 727 1261 781 est
1304 721 1433 781 vita
1477 722 1583 782 illa
1628 722 1933 784 hibernico
1981 744 2246 785 sermone
2293 726 2713 804 conscripta,
2781 746 2964 804 quam

650 833 804 873 anno
844 813 1010 870 1877
1060 810 1369 871 Stokesius
1414 807 1635 888 (Three
1676 810 1899 874 middle
1942 809 2089 873 irielz
2132 809 2396 875 homiliae
2449 821 2587 875 etc.
2649 817 2735 875 cf.
2776 836 2963 894 supra
3061 862 3062 865 η

652 924 710 980 p.
751 902 833 960 33
855 946 870 975 ,
931 923 989 980 p.
1047 901 1378 978 90—125)
1441 908 1501 961 et
1560 902 1762 961 eodem
1823 923 1977 962 anno
2045 903 2316 980 pluribus
2384 906 2744 965 codicibus
2821 925 2963 963 usus

655 990 989 1069 Anglicane
1035 1010 1377 1051 conversam
1438 989 1694 1051 Skenius
1754 990 1864 1068 (II,
1911 1013 2045 1071 app.
2091 1014 2152 1072 p.
2201 993 2329 1052 467
2377 998 2560 1072 sqq.)
2615 995 2695 1054 in
2763 995 2962 1052 lucem

653 1080 988 1154 ediderunt3
1058 1100 1194 1139 nam
1255 1081 1487 1141 saeculo
1546 1080 1856 1141 undecimo
1916 1081 2219 1158 antiquior
2281 1103 2407 1143 esse
2489 1084 2746 1160 nequit
2815 1082 2960 1160 (vid.

653 1169 868 1231 Stokes
899 1192 958 1249 p.
990 1169 1200 1247 VHI).
1293 1168 1412 1230 Sed
1457 1170 1649 1248 ipsam
1694 1191 1819 1230 rem
1858 1173 1986 1246 jam
2031 1172 2468 1249 aggrediamur.

831 1259 1122 1319 Columba
1167 1258 1369 1336 igitur,
1415 1258 1717 1319 hibernice
1750 1259 1959 1319 Colum
2007 1266 2068 1320 et
2111 1267 2321 1338 postea
2353 1261 2756 1322 Columeille
2808 1262 2876 1339 (i.
2911 1283 2957 1319 e.

653 1349 943 1411 Columba
990 1348 1169 1407 cellae
1213 1349 1309 1407 vel
1356 1349 1652 1422 ecclesiae,
1685 1349 1996 1408 Windisch
2041 1349 2124 1409 Ir.
2167 1349 2356 1410 Texte
2406 1374 2466 1431 p.
2508 1353 2693 1426 871,
2748 1349 2957 1410 Skene

650 1439 737 1513 Π,
769 1461 825 1518 p.
861 1439 970 1515 52)
1003 1456 1156 1496 anno
1193 1437 1315 1495 521
1366 1438 1432 1495 in
1461 1437 1758 1498 Hibernia
1790 1445 1965 1498 natus
1997 1437 2219 1514 (Skene
2255 1440 2337 1513 Π,
2368 1463 2426 1520 p.
2461 1442 2621 1519 52),
2680 1440 2953 1513 Scotiae,

654 1549 830 1607 quam
877 1547 1034 1586 nunc
1078 1525 1344 1600 dicimus,
1390 1527 1692 1606 apostolus
1739 1534 1831 1588 est
1876 1528 2181 1588 habendus
2226 1529 2381 1590 sicut
2425 1531 2783 1591 Patricius
2833 1529 2948 1590 Hi-

653 1617 911 1677 berniae.
1002 1616 1156 1678 Nam
1204 1615 1317 1675 etsi
1363 1623 1423 1675 et
1455 1615 1744 1676 Columba
1790 1617 1851 1676 in
1884 1617 2179 1678 Hibernia
2218 1639 2456 1697 quoque
2506 1642 2623 1680 res
2681 1639 2948 1679 comme-

652 1706 979 1765 moratione
1026 1703 1237 1782 dignas
1283 1704 1469 1781 gessit
1522 1739 1594 1750 —-
1650 1705 1984 1766 construxit
2030 1708 2186 1766 enim
2233 1711 2693 1769 monasterium
2745 1710 2943 1768 Dear·

652 1796 977 1869 machense‚
1024 1793 1199 1853 hodie
1245 1794 1517 1867 Durrow,
1564 1795 1628 1852 in
1673 1796 1859 1855 Midia
1904 1796 2098 1872 (Beda
2143 1796 2200 1856 h.
2243 1817 2291 1856 e.
2336 1798 2396 1869 3,
2440 1800 2481 1856 4
2540 1801 2583 1877 ξ
2632 1800 2808 1876 159)
2864 1831 2941 1842 -

653 1906 843 1963 neque
905 1904 1103 1943 omnes
1162 1883 1460 1943 Albaniae
1529 1884 1755 1945 incolae
1828 1886 2007 1946 etiam
2078 1892 2221 1946 tunc
2288 1889 2514 1965 pagani
2588 1886 2812 1948 erant'
2854 1920 2936 1931 -

652 1977 893 2035 ineunte
940 1973 1093 2033 enim
1141 1974 1374 2033 saeculo
1421 1980 1588 2033 sexto
1634 1995 1670 2033 a
1702 1975 1897 2035 Scotis
1943 1974 2293 2049 christianis,
2342 1977 2447 2054 qui
2494 1999 2581 2036 ex
2618 1976 2936 2037 Hibernia

652 2065 1248 2142 transmigraverant,
1318 2062 1631 2123 Scotorum
1692 2063 2125 2125 Albanensium
2195 2085 2446 2142 regnum
2506 2068 2583 2126 in
2653 2064 2930 2126 Albania

653 2154 1037 2214 constitutum
1101 2159 1231 2211 erat
1292 2153 1388 2229 (cf.
1422 2173 1602 2231 supra
1647 2175 1705 2231 p.
1741 2155 1851 2230 29)
1900 2190 2014 2228 --,
2084 2160 2283 2214 tamen
2345 2175 2545 2232 neque
2620 2154 2928 2216 Columba

653 2252 775 2304 tam
832 2242 1051 2300 claram
1107 2242 1198 2300 sui
1252 2242 1589 2318 reliquisset
1635 2243 1976 2302 memoriam
2031 2262 2221 2319 neque
2283 2244 2429 2303 fides
2487 2246 2847 2305 christiana
2890 2262 2921 2298 a

655 2332 847 2393 Scotis
891 2331 954 2389 in
1000 2329 1324 2389 Albaniam
1371 2331 1553 2390 allata
1599 2352 1718 2391 non
1764 2332 2057 2392 exstincta
2104 2339 2258 2393 esset
2305 2355 2341 2392 a
2385 2333 2611 2409 Pictis,
2665 2329 2918 2412 paganis

654 2429 716 2482 et
744 2420 1016 2481 barbaris
1049 2420 1146 2496 (of.
1180 2418 1375 2479 Skene
1409 2419 1494 2494 II,
1526 2443 1585 2499 p.
1621 2422 1703 2479 78
1737 2423 1907 2498 sqq.)‚
1941 2421 2055 2480 nisi
2085 2420 2375 2482 Columba
2421 2423 2569 2482 inde
2626 2426 2714 2482 ab
2766 2438 2907 2480 anno

658 2511 782 2572 565
830 2510 920 2568 illi
963 2509 1081 2588 ipsi
1137 2509 1693 2587 septentrionalium
1739 2510 2048 2570 Pictorum
2092 2512 2258 2588 genti
2304 2514 2706 2589 evangelium
2760 2529 2907 2590 prae·

654 2602 921 2660 dicasset.
999 2597 1281 2658 Adducto
1328 2599 1484 2656 enim
1531 2600 1609 2659 ad
1651 2599 1827 2659 fidem
1873 2605 1933 2658 et
1977 2620 2116 2677 rege
2163 2607 2224 2660 et
2269 2603 2491 2681 populo
2536 2597 2898 2662 monastm‘o

655 2710 760 2749 suo
807 2688 1036 2747 duobus
1083 2687 1254 2746 annis
1300 2693 1437 2747 ante
1460 2688 1485 2724 ¹
1529 2688 1799 2767 proxime
1845 2687 2142 2748 Albaniae
2198 2711 2364 2749 oram
2424 2691 2489 2749 in
2549 2693 2774 2752 insula
2818 2683 2904 2747 ΗΒ

652 2780 750 2840 vel
807 2779 967 2838 Jona
1028 2777 1273 2853 (rectius
1330 2777 1490 2838 Jova
1534 2807 1617 2828 =
1658 2778 1851 2837 insula
1908 2777 2031 2837 scil.
2077 2779 2216 2851 Hii‚
2272 2780 2352 2838 H.
2399 2781 2517 2839 and
2570 2781 2671 2841 St.
2726 2780 2814 2850 Π,
2863 2776 2907 2843 1,

655 2891 714 2949 p.
751 2869 875 2927 108
909 2874 1031 2926 not.
1070 2870 1134 2944 6)
1168 2875 1506 2927 constructo
1538 2874 1764 2926 tantam
1799 2868 2218 2928 auctoritatem
2251 2869 2621 2945 conciliavit,
2667 2876 2745 2929 ut
2774 2860 2910 2926 illud

654 2959 847 3038 ipsum
893 2957 1313 3016 monasterium
1360 2957 1608 3015 Hiiense
1665 2958 1881 3016 famam
1931 2956 2242 3017 conficeret
2289 2957 2628 3019 Columbae
2689 2965 2765 3018 ut
2809 2953 2909 3014 Al-

655 3047 869 3106 baniae
914 3046 1200 3122 apostolo·
1292 3046 1445 3106 Nam
1508 3066 1629 3104 non
1686 3047 1876 3105 solum
1936 3046 2073 3106 vivo
2121 3046 2412 3106 Columba
2471 3046 2907 3109 monasterium

655 3134 904 3194 Hiiense
948 3133 1348 3214 principatum
1394 3135 1638 3193 tenebat
1697 3136 1758 3193 in
1806 3135 2077 3195 omnibus
2131 3137 2523 3212 monasteriis,
2572 3159 2741 3216 quae
2773 3127 2906 3215 plu·

654 3222 812 3283 relma
856 3242 929 3283 ex
972 3231 1212 3305 utroque
1255 3221 1635 3296 monasterio,
1668 3224 2131 3284 Dearmachensi
2176 3230 2238 3284 et
2275 3227 2528 3302 Hiiensi‚
2566 3247 2693 3307 per
2739 3215 2901 3284 daei-

642 3310 824 3395 pulos
869 3309 990 3394 ejus
1036 3321 1087 3373 et
1131 3311 1193 3372 in
1222 3309 1546 3372 Britannia
1591 3323 1642 3374 et
1685 3312 1750 3373 in
1779 3309 2071 3375 Hibernia
2107 3325 2447 3397 propayata
2492 3325 2666 3376 erant
2714 3308 2903 3391 (Beda

655 3404 712 3462 h.
748 3424 797 3462 e.
833 3404 889 3475 3,
925 3402 964 3459 4
996 3404 1031 3481 ᾗ
1071 3403 1238 3481 159),
1286 3403 1389 3462 sed
1421 3404 1601 3481 etiam
1632 3411 1840 3482 postea
1871 3425 1977 3483 per
2021 3406 2261 3481 longum
2309 3411 2543 3483 tempus
2590 3406 2655 3466 in
2688 3394 2899 3464 σαπσίίθ

650 3511 837 3573 paene
880 3489 1414 3572 septentrionalium
1445 3486 1771 3565 Scotorum,
1819 3493 2304 3553 Hiberniensium
2352 3500 2413 3553 et
2442 3491 2898 3556 Albanensium,

658 3591 710 3642 et
756 3579 1016 3642 omnium
1068 3579 1373 3644 Hotorum
1388 3627 1407 3655 ,
1476 3582 2028 3660 septentrionalium
2085 3582 2375 3660 primum,
2445 3584 2662 3643 deinde
2723 3579 2893 3640 etiam

659 3671 1025 3746 australium,
1073 3679 1134 3732 et
1164 3678 1373 3751 postea
1405 3672 1587 3730 etiam
1617 3673 1675 3733 N
1677 3671 2246 3748 ordanhymbrorum
2289 3672 2658 3734 monaeteriis
2705 3682 2894 3730 arcem

657 3759 877 3821 tenebat
935 3760 1307 3843 reqendisque
1366 3780 1565 3819 eorum
1629 3757 1868 3841 populis
1938 3768 2214 3842 praeerat
2275 3761 2468 3838 (Beda
2521 3763 2577 3820 h.
2632 3783 2684 3822 e.
2745 3760 2800 3830 3,
2856 3752 2890 3807 3

836 3940 1005 4000 Haec
1066 3938 1266 3998 Bedae
1326 3938 1400 3996 de
1445 3937 1714 3997 Hiiensis
1774 3938 2118 3998 monasterii
2173 3940 2527 4001 auctoritate
2574 3941 2760 4001 verba
2821 3937 2890 3990 116'

844 4117 865 4148 ¹
902 4113 1244 4182 Discrepant
1298 4112 1448 4165 inter
1504 4128 1561 4164 se
1617 4110 1981 4166 Adamnanus
2038 4114 2135 4183 qui
2190 4113 2518 4168 Columbam
2589 4129 2733 4167 anno
2788 4102 2883 4162 563

662 4187 892 4241 condito
931 4184 1272 4239 monasterio
1310 4182 1532 4235 Hiiensi
1570 4183 1628 4235 in
1654 4181 1846 4236 Pictos
1886 4183 2204 4251 profectum
2243 4201 2361 4238 esse
2400 4189 2595 4239 narrat
2631 4189 2688 4238 et
2713 4177 2873 4258 Bedfln

662 4259 758 4327 qui
796 4257 973 4311 refert
1008 4254 1339 4311 Columbam
1380 4271 1525 4306 anno
1565 4255 1668 4309 565
1707 4272 1740 4306 a
1776 4253 1953 4307 Pictis
1992 4255 2138 4308 dono
2178 4257 2460 4323 accepisse
2499 4257 2738 4310 insulam
2765 4246 2875 4307 ΗΠ,

666 4335 728 4382 ut
761 4328 1163 4382 monasterium
1202 4328 1570 4379 construeret.
1648 4325 1844 4378 Skenii
1893 4327 2225 4379 sententiam
2264 4325 2372 4395 (ΙΙ,
2415 4346 2470 4394 p.
2500 4328 2603 4381 105
2640 4326 2754 4379 not.
2795 4315 2879 4383 38)

665 4403 885 4452 secutus
924 4416 1091 4467 supra
1127 4396 1371 4451 medium
1411 4396 1680 4465 quiddam
1718 4400 1911 4450 tenere
1946 4397 2174 4450 studui.-
