3134 5034
1230 328 1494 384 ...93
1588 362 1671 373 .-

330 530 485 582 esse,
547 510 727 567 immo
772 508 1047 586 putabat,
1094 526 1266 565 suum
1314 526 1538 565 morem
1585 526 1712 564 esse
1759 505 2114 564 catholicum
2159 522 2352 579 neque
2399 500 2570 558 dubi-

329 601 522 672 tabat,
571 598 715 675 quin
745 597 1153 656 Romanorum
1197 615 1323 654 mos
1372 614 1504 654 cum
1550 614 1656 653 suo
1704 597 2071 670 congrueret.
2141 593 2336 666 Quam
2383 589 2573 666 opini-

329 707 505 748 onem
566 692 885 765 postquam
937 685 1148 744 falsam
1204 684 1509 761 cognovit,
1571 683 1772 755 tertia,
1838 702 1990 759 qua-e
2035 686 2259 751 exstat,
2320 677 2574 756 epistola

327 778 409 836 ad
456 775 738 852 Gregorii
781 791 1190 845 successorem,
1239 767 1499 850 quiquis
1522 772 1640 830 fuit
1686 771 2051 849 [Bonifatius
2095 769 2189 828 IV
2206 769 2234 826 1>
2281 766 2572 842 Fleming,

328 888 388 944 p.
430 866 572 938 111,
618 869 741 922 not.
774 866 852 940 a),
898 864 1079 921 missa
1122 863 1235 921 hoc
1279 882 1461 919 unum
1509 882 1543 919 a
1589 881 1748 938 papa
1794 860 2027 938 petivit,
2072 865 2144 918 ut
2188 856 2304 916 sibi
2334 855 2574 931 suisque

328 956 537 1013 liceret
584 952 838 1030 amplius
883 952 1201 1011 observare
1245 949 1633 1009 traditionem
1677 951 1968 1024 majorum
2008 950 2126 1026 (ep.
2164 948 2192 1004 1
2231 945 2390 1004 Bibl.
2421 962 2574 1001 max.

329 1042 487 1116 XII,
533 1064 592 1121 p.
627 1040 711 1098 24
744 1041 839 1118 F).
913 1041 1000 1100 Et
1044 1041 1362 1099 observata
1406 1044 1497 1097 est
1527 1058 1682 1096 anno
1712 1038 1895 1095 etiam
1928 1038 2075 1109 610,
2120 1055 2260 1094 nam
2286 1032 2576 1092 Columba

330 1132 398 1190 in
459 1131 716 1209 epistula
769 1130 898 1203 illa,
961 1148 1136 1206 quam
1193 1149 1268 1186 ex
1312 1128 1370 1188 N
1372 1127 1683 1187 annetensi
1737 1128 1885 1185 urbe
1944 1126 2024 1183 ad
2077 1123 2397 1200 discipulos
2441 1138 2577 1179 suos

330 1220 511 1292 misit,
557 1220 829 1278 hortatus
875 1225 966 1277 est
1009 1237 1164 1289 suos,
1208 1238 1283 1275 ne
1328 1217 1739 1276 alienarentur
1778 1237 1814 1275 a
1858 1236 1967 1275 sua
2010 1212 2352 1283 traditione,
2399 1225 2576 1286 quam

333 1308 517 1368 etiam
562 1314 705 1366 tunc
751 1307 1051 1366 meliorem
1093 1305 1406 1382 judicabat
1435 1308 1552 1383 (ep.
1589 1306 1646 1363 3.
1693 1305 1853 1364 Bibl.
1883 1323 2037 1362 max.
2068 1300 2222 1375 XII,
2269 1323 2327 1380 p.
2362 1301 2442 1358 27
2477 1298 2576 1372 Β).

332 1397 562 1456 Tamen
606 1396 669 1454 in
700 1396 885 1456 Italia
916 1395 1207 1455 Columba
1253 1394 1492 1453 videtur
1537 1414 1600 1453 se
1647 1396 2043 1454 conformasse
2086 1392 2167 1450 ad
2194 1409 2415 1449 morem
2445 1387 2576 1446 uni-

330 1506 540 1545 versae
580 1485 877 1558 ecclesiae,
922 1505 1062 1544 nam
1092 1484 1157 1542 in
1175 1484 1416 1556 ultima,
1467 1504 1645 1560 quam
1674 1485 1978 1555 habemus,
2026 1481 2296 1561 epistula,
2345 1498 2419 1537 ex
2447 1478 2579 1555 ipsa

332 1576 517 1635 Italia
564 1576 640 1633 ad
665 1575 1038 1633 Bonifatium
1061 1572 1158 1632 IV
1188 1592 1405 1650 papam
1437 1572 1618 1630 missa
1642 1575 1758 1651 (ep.
1785 1572 1843 1630 4.
1890 1571 2049 1630 Bibl.
2073 1590 2226 1629 max.
2244 1590 2302 1646 p.
2323 1569 2406 1625 28
2425 1567 2578 1643 sqq.)

332 1665 407 1723 de
469 1664 734 1742 paschali
793 1662 1202 1723 controversia
1255 1680 1374 1719 non
1423 1663 1549 1736 jam
1593 1660 1666 1720 fit
1710 1661 1949 1721 mentio.
2041 1660 2267 1718 Eodem
2311 1663 2580 1734 tempore

332 1754 397 1812 in
444 1752 647 1812 Gallia
707 1752 1029 1830 discipulos
1075 1749 1400 1810 Columbae
1448 1747 1764 1809 Scotorum
1816 1748 2160 1808 celebrandi
2213 1766 2436 1805 morem
2482 1742 2581 1801 de·

332 1842 604 1920 posuisse
651 1840 1069 1919 suspicandum
1118 1847 1221 1899 est.
1314 1838 1542 1898 Tamen
1588 1840 1875 1898 nonnulla
1918 1837 2409 1913 relinquebantur
2438 1831 2580 1891 Sco-

334 1937 536 1991 torum
583 1930 843 2009 propria,
893 1949 1046 2006 quae
1078 1927 1269 1987 Gallis
1315 1927 1628 1986 offensioni
1673 1948 1799 1987 esse
1843 1932 2103 2005 possent.
2178 1925 2313 1997 Quo
2358 1924 2583 1981 factum

333 2026 444 2093 est,
476 2025 546 2078 ut
576 2040 732 2079 anno
764 2019 944 2078 etiam
979 2019 1107 2076 624
1140 2017 1323 2093 (Mab.
1347 2016 1432 2088 11,
1464 2017 1572 2075 vit.
1596 2017 1834 2076 Eustas.
1871 2017 1969 2074 10.
2002 2035 2138 2072 ann.
2165 2012 2312 2084 625,
2343 2033 2401 2089 p.
2432 2009 2583 2083 119)

333 2108 684 2186 Agrestius,
744 2107 1007 2185 perfidus
1068 2112 1129 2165 et
1187 2104 1446 2164 infidelis
1502 2105 1742 2182 quidam
1796 2101 2189 2164 Luxoviensis
2241 2095 2586 2159 monasterii

337 2198 687 2269 monachus,
748 2196 1091 2255 Eustasium
1138 2196 1416 2254 abbatem
1463 2194 1923 2266 Luxoviensem,
1983 2192 2077 2251 cui
2122 2191 2393 2251 inimicus
2439 2191 2585 2259 erat,

336 2305 541 2345 coram
587 2285 838 2361 synodo,
884 2284 1307 2345 Matisconensi
1352 2284 1415 2341 in
1459 2284 1611 2341 urbe
1655 2289 2042 2360 congregata,
2102 2279 2395 2360 episcopis
2438 2295 2584 2336 non-

338 2375 522 2433 nullis
578 2374 819 2450 adjutus
865 2374 1246 2433 dissensionis
1293 2374 1369 2430 ab
1416 2372 1668 2431 ecelesia
1713 2371 2001 2431 catholica
2047 2388 2322 2430 accusare
2367 2371 2587 2446 posset.

344 2462 481 2535 Qua
525 2464 589 2520 in
634 2464 856 2538 synodo
903 2463 978 2520 de
1022 2462 1190 2521 festis
1237 2460 1447 2521 diebus
1493 2461 1869 2539 paschalibus
1915 2459 2284 2518 celebrandis
2315 2477 2432 2515 non
2459 2459 2585 2530 jam

338 2552 650 2628 agebatur,
696 2558 757 2610 et
802 2552 1013 2611 ceteris
1026 2596 1041 2625 ,
1087 2570 1241 2628 quae
1286 2550 1559 2628 protulit,
1606 2548 1926 2626 Agrestius
1971 2548 2214 2607 minime
2259 2545 2471 2617 effecit,
2516 2549 2587 2602 ut

336 2640 695 2701 discordiam
757 2641 1099 2700 concitaret.
1191 2639 1424 2697 Deinde
1485 2659 1558 2696 ex
1617 2658 1687 2697 00
1749 2643 2014 2717 tempore
2069 2636 2232 2695 Galli
2288 2654 2407 2693 non
2461 2635 2587 2710 jam

336 2729 739 2788 meminerunt
769 2728 1120 2788 Columbam
1164 2735 1228 2786 et
1267 2727 1456 2787 socios
1488 2729 1617 2801 ejus
1647 2728 1828 2786 fuisse
1856 2727 2202 2805 peregrinos
2235 2730 2297 2783 et
2327 2721 2588 2782 moribus

341 2818 460 2877 sibi
515 2817 664 2895 ipsis
719 2818 966 2876 alienos:
1029 2837 1165 2875 nam
1223 2837 1375 2893 quae
1427 2816 1674 2893 propria
1725 2817 1965 2874 fuerant
2009 2814 2322 2874 Scotorum
2368 2810 2588 2889 partim

337 2908 416 2966 ab
488 2906 637 2984 ipsis
706 2905 975 2983 deposita
1035 2914 1207 2964 erant
1264 2905 1488 2982 partim
1547 2912 1790 2983 recepta
1850 2925 1886 2961 a
1948 2903 2140 2963 Gallis
2210 2903 2404 2962 aliena
2465 2920 2589 2961 esse

337 2995 659 3055 desierant.

524 3081 645 3142 Sed
702 3102 993 3159 quaenam
1049 3089 1220 3141 erant
1273 3083 1379 3141 illa
1426 3080 1738 3141 Scotorum
1793 3082 2082 3160 propria?
2175 3081 2342 3139 Haec
2395 3079 2589 3138 denuo

338 3173 451 3252 hoc
501 3173 642 3231 loco‘
679 3171 916 3230 exsistit
956 3171 1223 3249 quaestio
1255 3172 1426 3248 eique
1458 3171 1773 3230 solvendae
1804 3172 1996 3230 denuo
2029 3190 2271 3247 operam
2304 3173 2591 3229 navantes

340 3282 427 3336 ea,
484 3279 636 3337 quae
681 3280 864 3339 supra
898 3262 1024 3336 jam
1054 3260 1327 3333 diximus,
1375 3280 1508 3319 cum
1540 3259 2018 3320 confirmabimus
2047 3265 2174 3317 tum
2208 3258 2592 3336 explebimus.

524 3348 858 3427 Praecipua
917 3349 1413 3409 controversionis
1473 3368 1651 3408 causa
1708 3347 1891 3407 etiam
1944 3349 2056 3407 hoc
2108 3349 2238 3405 1000
2294 3348 2410 3405 fuit
2454 3345 2595 3405 festi

341 3438 643 3516 paschalis
690 3439 1070 3516 computatio,
1118 3439 1192 3496 de
1240 3458 1359 3514 qua
1404 3457 1536 3495 cum
1583 3456 1764 3513 supra
1809 3436 1955 3496 satis
1989 3440 2115 3512 jam
2145 3435 2593 3513 disputaverim,

341 3527 404 3585 id
468 3547 653 3585 unum
714 3527 957 3600 addam,
1020 3527 1180 3603 quod
1238 3526 1384 3585 haec
1444 3525 1520 3584 de
1572 3526 1940 3585 celebrandis
1994 3525 2164 3585 festis
2217 3522 2595 3602 paschalibus

343 3616 557 3676 diebus
604 3615 891 3673 dissensio
934 3615 1080 3675 adeo
1113 3635 1303 3693 paene
1334 3634 1453 3673 una
1484 3633 1552 3671 ac
1584 3614 1710 3672 sola
1741 3615 2176 3674 controversiae
2208 3634 2387 3673 causa
2417 3612 2595 3672 fuisse

344 3704 613 3777 videtur,
674 3710 746 3763 ut
801 3703 1090 3763 Columba
1150 3704 1214 3762 in
1268 3701 1540 3781 epistulis
1593 3703 1716 3762 suis
1771 3703 1844 3761 de
1900 3704 2062 3762 nullo
2119 3703 2236 3762 alio
2285 3702 2597 3762 Scotorum

344 3813 511 3852 more
557 3792 745 3852 verba
799 3794 1037 3851 faceret.
1128 3792 1284 3852 Nam
1331 3790 1554 3851 erravit
1597 3791 1992 3869 Rettbergius
2039 3791 2149 3866 (II,
2199 3813 2257 3868 p.
2308 3793 2418 3869 37)
2465 3810 2598 3850 cum

329 3881 590 3962 ‚putavit
636 3880 983 3940 Columbam
1031 3879 1323 3958 Gregorio
1385 3899 1578 3958 papae
1639 3881 1818 3941 etiam
1872 3881 1946 3939 de
1993 3879 2304 3939 Scotorum
2351 3885 2598 3939 tonsura

351 3969 674 4047 scripsisse.
750 3969 846 4027 De
875 3970 987 4027 hac
1015 3968 1086 4027 fit
1114 3970 1337 4028 mentio
1369 3970 1433 4027 in
1465 3970 1688 4046 synodo
1719 3968 2159 4041 Matisconensi,
2191 3969 2293 4027 sed
2326 3966 2601 4046 cognosci

351 4076 470 4115 non
516 4063 732 4135 potest,
778 4064 980 4116 utrum
1013 4057 1334 4134 Agrestius
1379 4058 1544 4117 illam
1591 4079 1718 4117 rem
1764 4058 1875 4118 soli
1914 4055 2215 4138 „reliqiom'
2246 4052 2592 4117 Columbae“

352 4145 457 4204 sed
483 4147 667 4206 etiam
691 4146 974 4206 Eustasio
1006 4146 1239 4205 crimini
1263 4146 1497 4205 dederit
1519 4147 1648 4221 (vit.
1674 4148 1912 4207 Eustas.
1945 4149 2021 4205 12
2047 4147 2206 4206 Mab.
2229 4146 2316 4220 II,
2341 4168 2399 4225 p.
2431 4147 2600 4221 120),

351 4235 643 4293 nescimus
707 4235 891 4310 enim,
955 4235 1195 4312 quando
1238 4235 1647 4295 Luxovienses
1700 4257 1923 4295 morem
1978 4236 2145 4294 illum
2203 4236 2601 4315 deposuerint.

354 4321 612 4395 CeteriS‚
677 4344 829 4400 quae
882 4324 1252 4402 proferebat,
1313 4322 1635 4401 Agrestius
1688 4325 1910 4401 partim
1962 4326 2228 4403 regulam
2279 4325 2602 4385 Columbae

351 4409 736 4489 vituperavit,
782 4412 856 4471 de
903 4433 1021 4490 qua
1066 4412 1222 4472 infra
1268 4411 1581 4472 dicendum
1627 4418 1734 4486 est,
1781 4414 2003 4492 partim
2051 4414 2136 4473 nil
2168 4413 2285 4474 nisi
2315 4415 2483 4490 ritus,
2530 4435 2604 4475 ex
