3134 5034
1430 297 1917 355 —112—

553 478 807 554 gissent,
862 475 978 536 nisi
1024 475 1376 555 disciplinae
1423 496 1601 536 causa
1646 475 1721 535 iis
1765 475 2089 553 placuisset
2132 474 2196 533 in
2243 476 2555 536 coenobiis·
2586 478 2806 537 vivere.

550 566 770 644 Itaque
815 567 1197 625 eremitarum
1242 571 1443 625 coetus
1485 571 1662 625 erant
1717 565 2076 625 monasteria
2121 583 2326 623 eorum
2342 610 2356 638 ,
2417 585 2553 623 nam
2598 563 2662 625 in
2705 568 2805 629 de-

551 653 715 715 sertis
759 653 1035 727 sedeces,
1082 651 1231 715 nulli
1270 651 1536 725 molesti„
1564 674 1702 713 cum
1744 650 1959 734 reqtdis
2002 651 2299 714 seniorum
2343 662 2640 714 manentes
2684 678 2805 730 ece,

550 745 613 803 in
676 764 925 821 quorum
984 744 1226 821 regione
1284 744 1702 817 versabantur,
1773 743 1922 802 adeo
1979 743 2392 821 negligebant,
2461 749 2530 801 ut
2583 747 2806 805 nemini

551 833 749 894 aditus
793 839 1031 912 pateret
1074 834 1235 892 intra
1279 840 1451 912 septa
1496 834 1844 892 monasterii
1875 833 2110 909 (Jonas,
2142 832 2251 893 vit.
2284 831 2412 893 Col.
2447 831 2549 903 33,
2581 855 2639 911 p.
2678 837 2815 910 19)..

549 922 794 982 Minime
839 923 1028 999 igitur
1071 923 1353 981 ecclesiae
1398 942 1641 999 operam
1688 942 1857 981 suam
1904 922 2364 983 commodabant
2408 922 2484 981 ad
2531 923 2803 982 erudien-

551 1013 659 1071 dos
705 1012 979 1090 populos,
1036 1011 1139 1070 sed
1184 1030 1291 1070 sua
1336 1011 1584 1088 propria
1628 1011 1860 1070 ratione
1909 1013 1986 1071 ad
2031 1011 2218 1072 vitam
2263 1016 2568 1071 aeternam
2614 1012 2802 1070 homi-

550 1101 725 1160 nibus
787 1100 1205 1160 monstrabant
1265 1100 1440 1160 viam.
1543 1099 1995 1177 Peregrinaturi
2056 1120 2088 1158 e
2150 1100 2349 1178 patria
2409 1100 2803 1174 decesserant,

548 1190 853 1268 peregrini
899 1195 1071 1248 erant
1117 1190 1177 1248 in
1225 1187 1427 1248 Gallia
1472 1196 1535 1248 et
1582 1188 1923 1248 Germania.
2015 1189 2191 1249 Unde
2247 1189 2432 1249 etiam
2486 1189 2555 1264 ii,
2619 1190 2722 1266 qui
2769 1211 2802 1247 e

550 1277 743 1338 Gallis
789 1279 882 1338 vel
930 1277 1247 1338 Germanis
1291 1277 1356 1336 in
1402 1278 1641 1337 illorum
1686 1278 2060 1337 monasteriis
2107 1278 2330 1338 eruditi
2382 1285 2594 1358 postea
2649 1279 2802 1357 epis·

549 1385 830 1446 coporum
900 1387 1145 1427 munera
1213 1367 1548 1440 subierunt,
1624 1366 1927 1444 peregrini
2002 1367 2311 1427 redierunt
2388 1369 2451 1426 in
2528 1369 2801 1447 ipsorum

545 1457 829 1535 patriam,
892 1456 1193 1535 peregrini
1238 1476 1358 1516 non
1404 1457 1595 1516 solum
1640 1456 1703 1515 in
1749 1457 1996 1529 mundo,
2056 1457 2359 1533 peregrini
2411 1457 2475 1515 in
2530 1457 2663 1536 ipsa
2709 1477 2800 1515 ec·

547 1546 749 1618 clesia‚
812 1546 1035 1624 quippe
1090 1546 1194 1623 qui
1246 1553 1458 1625 utpote
1520 1546 1797 1605 monachi
1851 1546 2196 1608 austerioris
2251 1546 2663 1605 observantiae
2724 1543 2800 1605 ab

547 1633 811 1693 omnium
853 1631 1242 1695 saecularium
1285 1655 1452 1696 more
1478 1634 1850 1696 desciscerent
1879 1638 1950 1713 (J
1950 1654 2110 1706 onae,
2142 1634 2248 1697 vit.
2281 1634 2408 1696 Col.
2445 1636 2546 1708 33,
2579 1656 2635 1712 p.
2676 1636 2799 1711 19).

545 1724 821 1783 Monachi
876 1725 1032 1782 enim
1086 1732 1258 1785 erant
1311 1745 1537 1798 omnes,
1599 1726 1704 1802 qui
1758 1725 1822 1784 in
1875 1727 1995 1786 illis
2051 1724 2364 1784 Scotorum
2421 1724 2800 1784 monasteriis

547 1813 769 1874 eruditi
798 1818 954 1886 sunt,
1000 1834 1137 1873 nam
1167 1820 1237 1873 ut
1266 1814 1329 1873 in
1360 1815 1720 1875 monasterio
1751 1815 1990 1874 Hiiensi
2021 1812 2306 1890 (Adamn.
2328 1814 2436 1873 vit.
2461 1812 2589 1873 Col.
2621 1814 2674 1885 1,
2695 1813 2797 1886 27,

546 1901 708 1962 Acta
754 1901 861 1962 SS.
908 1903 1063 1962 Boll.
1109 1903 1157 1962 J
1157 1904 1283 1962 unii
1332 1904 1388 1976 9,
1435 1924 1495 1982 p.
1544 1906 1700 1980 207)
1747 1904 1835 1962 ita
1894 1905 1956 1962 in
2018 1903 2292 1964 omnibus
2348 1902 2797 1981 peregrinorum

545 1993 923 2051 monasteriis
970 1993 1117 2051 nulli
1164 1993 1226 2051 in
1271 2012 1579 2051 numerum
1612 1993 2035 2071 discipulorum
2081 1992 2312 2070 recepti
2358 2012 2484 2051 esse
2515 1990 2803 2051 videntur

546 2081 663 2140 nisi
726 2082 829 2159 qui
889 2081 1295 2141 monachicum
1355 2089 1562 2142 votum
1634 2083 2049 2160 promiserant.
2151 2081 2549 2157 Nequaquam
2607 2079 2803 2156 igitur

546 2176 894 2230 cunctorum
946 2171 1301 2249 populorum
1356 2179 1776 2248 praeceptores
1828 2170 1959 2229 fieri
2011 2175 2339 2248 potuerunt
2382 2169 2654 2228 monachi
2699 2166 2797 2227 Sti

547 2259 889 2330 Columbae,
935 2279 1073 2317 nam
1104 2259 1402 2318 austerior
1432 2266 1493 2318 et
1523 2260 1777 2336 rigidior
1821 2266 1951 2318 erat
1996 2259 2203 2335 regula
2249 2279 2357 2317 nec
2402 2264 2604 2316 tamen
2646 2257 2794 2316 satis

545 2353 823 2407 accurata
882 2346 944 2404 in
1000 2347 1351 2406 definiendis
1411 2348 1831 2408 monachorum
1894 2348 2198 2407 laboribus
2259 2347 2481 2407 nedum
2536 2347 2601 2405 in
2660 2367 2795 2406 con·

543 2436 861 2495 stituendis
905 2437 1174 2495 laborum
1220 2436 1398 2496 horis.

725 2525 858 2598 Qua
912 2524 985 2584 de
1044 2545 1218 2584 causa
1274 2525 1488 2584 mirum
1546 2546 1665 2584 non
1723 2533 1838 2598 est,
1902 2526 2061 2603 quod
2117 2525 2441 2585 Columbae
2496 2525 2703 2602 regula
2761 2545 2796 2582 a

546 2612 642 2673 Sti
686 2613 1000 2674 Benedicti
1045 2615 1252 2691 regula
1298 2615 1512 2674 sensim
1558 2615 1988 2693 paullatimque
2034 2622 2330 2675 summota
2377 2621 2486 2674 est.
2510 2614 2543 2651 1·
2606 2612 2803 2689 Cujus

544 2703 633 2761 rei
676 2702 1125 2781 locupletissimi
1171 2710 1354 2764 testes
1399 2710 1539 2763 sunt
1584 2703 1842 2781 plurima
1887 2704 1991 2762 illa
2037 2703 2419 2776 monasteria,
2466 2704 2529 2762 in
2579 2703 2798 2781 quibus

544 2791 704 2851 haud
758 2791 845 2852 ita
898 2793 1086 2852 multo
1143 2800 1282 2871 post
1326 2792 1652 2854 Columbae
1708 2798 1960 2851 mortem
2017 2811 2147 2851 cum
2203 2792 2528 2852 Columbae
2588 2793 2797 2870 regula

544 2883 868 2957 conjuncta·
916 2887 1008 2941 est
1063 2881 1158 2941 Sti
1211 2881 1524 2941 Benedicti
1583 2883 1808 2961 regula.
1898 2881 2084 2958 Cujus
2145 2881 2593 2957 conjunctionis·
2643 2900 2796 2959 quae

545 2970 731 3029 fuerit
775 2970 949 3042 ratio,
997 2990 1071 3028 ex
1099 2971 1328 3030 Donati
1357 2972 1565 3048 regula
1597 2991 1948 3048 cognoscere
1994 2971 2151 3043 licet,
2197 2971 2260 3029 in
2305 2990 2424 3049 qua
2470 2990 2794 3049 poenarum

543 3079 765 3135 genera
796 3065 859 3117 et
888 3059 1178 3118 severitas
1206 3065 1389 3137 atque
1435 3079 1665 3119 morum
1711 3060 1982 3118 nonnulli
2027 3065 2367 3136 congruunt
2411 3079 2543 3118 cum
2587 3058 2794 3136 regula

545 3145 896 3218 Columbae,
946 3146 1212 3206 interior·
1242 3153 1442 3206 autem
1488 3150 1652 3208 vitae
1697 3149 2094 3208 instituendae
2141 3168 2351 3207 norma
2394 3148 2655 3227 repetita
2700 3153 2796 3206 est

545 3255 618 3293 ex
649 3236 857 3311 regula
887 3234 982 3295 Sti
1012 3235 1352 3308 Benedicti;
1398 3242 1458 3295 et
1504 3257 1684 3314 quam
1731 3239 1940 3296 crebra
1985 3237 2206 3296 fuerint
2252 3238 2397 3297 haec
2436 3236 2796 3296 monasteria

542 3323 862 3384 secundum
913 3322 1180 3404 reyulam
1233 3321 1349 3385 SS.
1404 3323 1720 3385 Benedicti
1769 3334 1837 3385 et·
1879 3322 2230 3386 Columbani
2284 3326 2590 3399 instituta,
2657 3344 2794 3404 per-

543 3414 765 3472 multae
811 3431 964 3489 quae
1009 3421 1262 3474 exstant·
1292 3416 1533 3474 tabulae
1591 3421 1892 3475 testantur
1945 3417 2043 3491 (cf.
2090 3416 2366 3493 Loening
2409 3414 2508 3488 ΙΙ,
2551 3437 2614 3493 Ρ.
2661 3414 2793 3473 442

544 3509 667 3561 not.
717 3504 800 3578 2).
890 3503 966 3560 In
1013 3503 1144 3581 ipso
1194 3506 1550 3563 monasterio
1599 3504 1965 3564 Luxoviensi
2012 3508 2138 3581 jam
2184 3503 2345 3564 intra
2390 3521 2612 3563 annum
2662 3504 2787 3562 631

543 3592 754 3667 regula
799 3591 894 3650 Sti
937 3591 1252 3651 Benedicti
1300 3611 1432 3651 cum
1464 3594 1788 3653 Columbae
1834 3595 2042 3670 regula
2087 3597 2402 3670 conjuncta
2448 3613 2577 3652 esse
2622 3592 2788 3651 vide·

542 3686 646 3740 tur
690 3679 989 3757 (Loening
1034 3680 1119 3753 ΙΙ,
1166 3702 1222 3758 p.
1272 3682 1429 3753 4413
1474 3683 1964 3754 Montalembert,
2011 3683 2097 3741 les
2142 3683 2366 3741 moines
2413 3681 2653 3741 d’occid.
2700 3680 2790 3754 ΙΙ,

543 3790 599 3846 Ρ.
651 3768 804 3843 572)
852 3787 1043 3844 neque
1089 3770 1231 3828 alibi
1278 3770 1540 3844 (Hertel,
1588 3792 1644 3848 p.
1682 3772 1836 3845 453)
1884 3772 2091 3848 regula
2123 3769 2445 3830 Columbae
2490 3770 2608 3830 nisi
2653 3790 2792 3830 con·

538 3862 749 3935 juncta
794 3876 926 3917 cum
959 3856 1053 3916 Sti
1082 3856 1398 3917 Benedicti
1444 3860 1699 3938 amplius
1744 3860 1989 3919 videtur
2029 3859 2305 3936 viguisse,
2352 3879 2493 3917 nam
2538 3865 2793 3918 exeunte

543 3967 693 4006 saec.
740 3945 871 4005 VII
918 3946 1098 4005 etiam
1158 3946 1219 4005 in
1275 3946 1645 4024 Burgundis,
1709 3970 1747 4007 a
1791 3948 2006 4024 quibus
2066 3949 2333 4027 profecta
2395 3954 2525 4007 erat
2584 3947 2793 4024 regula

544 4035 886 4108 Columbae,
934 4034 1030 4096 Sti
1074 4034 1386 4095 Benedicti
1432 4037 1639 4115 regula
1684 4036 2025 4115 percrebuit
2069 4036 2368 4114 (Loening
2397 4035 2483 4109 Π,
2526 4058 2584 4114 Ρ.
2617 4036 2794 4111 442).

730 4263 749 4294 ¹
791 4261 948 4332 Quae
987 4262 1280 4318 Ebrardus
1315 4265 1397 4333 (p.
1425 4263 1530 4318 365
1556 4263 1704 4333 sqq.)
1744 4263 1814 4316 de
1854 4280 2081 4333 opressa
2106 4264 2305 4334 regula
2332 4262 2643 4317 Columbae
2680 4260 2792 4315 sibi

543 4333 720 4399 finxit,
761 4334 935 4403 digna
971 4352 1083 4389 non
1121 4338 1279 4401 sunt,
1320 4350 1462 4404 quae
1501 4333 1759 4403 pluribus
1797 4334 2111 4401 diluantur,
2150 4342 2213 4388 ut
2250 4338 2450 4404 sponte
2489 4332 2795 4404 apparebit

546 4423 617 4459 ex
655 4406 741 4472 iis,
782 4422 926 4474 quae
963 4406 1265 4475 proferam.
