3134 5034
1515 301 1950 367 ...ρο-

611 506 908 567 quaquam
951 486 1245 567 proficisci
1288 488 1505 567 potuit.
1566 489 1702 547 Hoc
1731 486 2008 546 Ebrardo
2039 492 2132 547 est
2177 484 2634 545 concedendum.
2695 484 2854 561 Quid

611 585 809 637 autem
826 622 841 652 ,
910 579 962 637 si
1020 580 1176 637 forte
1236 578 1365 655 ipse
1425 578 1732 653 Victorius
1791 577 1976 637 verba
2037 575 2340 635 addiderit
2397 573 2473 632 de
2537 573 2667 648 die,
2737 595 2855 652 qua

609 667 826 726 festum
872 668 1148 745 paschale
1194 667 1567 725 celebretur?
1621 665 1873 725 Licetne
1919 665 2031 723 hoc
2075 663 2335 743 putare?
2379 663 2574 721 Immo
2621 682 2856 723 necesse

610 760 716 816 est.
762 755 1095 814 Audiamus
1141 754 1501 832 Gregorium
1547 754 1952 812 Turonensem
2000 754 2084 828 (h.
2117 774 2166 811 e.
2199 753 2275 823 V,
2327 753 2428 811 17.
2473 752 2556 809 Η.
2601 752 2720 810 and
2765 750 2854 811 St.

607 843 695 917 ΙΙ,
748 845 801 916 1,
848 866 904 921 Ρ.
955 846 1083 919 77),
1132 845 1296 921 qui,
1297 842 1595 916 ,dubiem-3,
1641 844 1856 921 inquit,
1895 839 2307 922 paschaefm‘t
2351 843 2430 916 (a.
2475 840 2532 898 d.
2582 839 2736 916 590)
2783 839 2853 900 ob

606 928 979 1011 1200,an
1036 929 1298 1015 incyelo
1360 928 1556 992 Victor
1614 924 2855 1010 lumaedect'maqumtapaechawripm‘t

585 1018 757 1102 fien'3
822 1019 927 1079 sed
968 1040 1039 1078 ue
1087 1017 1435 1093 Christiani,
1493 1030 1555 1080 ut
1602 1016 1859 1092 Judaa‘,
1905 1018 2012 1079 sub
2054 1016 2166 1078 kae
2207 1016 2352 1077 luna
2394 1014 2534 1076 haec
2575 1014 2854 1077 solemm‘a

606 1104 973 1181 celebrarent,
1021 1108 1301 1171 adamim
1346 1111 1444 1187 (cf.
1492 1111 1685 1187 ipsum
1731 1109 2073 1170 Ebrardum
2119 1129 2178 1186 Ρ.
2227 1107 2356 1184 34).

786 1196 902 1256 Sed
950 1218 1300 1276 quocunque
1346 1199 1520 1257 modo
1575 1219 1672 1258 res
1731 1219 1860 1258 sese
1912 1199 2117 1272 habet,
2180 1216 2313 1256 cum
2374 1195 2571 1271 cyclus
2616 1195 2718 1253 ille
2765 1195 2849 1253 84

607 1306 894 1345 annorum
941 1295 1068 1345 tum
1115 1307 1241 1347 mos
1298 1288 1397 1347 ille
1443 1288 1783 1347 celebrandi
1839 1289 2000 1347 intra
2054 1288 2229 1345 lunae
2281 1285 2488 1342 l4m⁸¹¹¹
2535 1290 2597 1343 et
2644 1285 2853 1342 20¹¹¹⁸¹¹²

606 1375 908 1452 prioribus
953 1375 1324 1454 temporibus
1370 1376 1609 1435 minime
1657 1377 1978 1436 Britonum
2021 1375 2303 1455 proprius
2348 1379 2507 1445 erat,
2567 1373 2687 1450 ipsi
2728 1372 2848 1431 Ro-

606 1464 765 1523 mani
811 1467 1012 1541 quarti
1069 1466 1287 1523 saeculi
1345 1465 1488 1543 quin
1543 1467 1724 1525 etiam
1780 1465 2041 1525 ineuntis
2095 1464 2294 1541 quinti
2347 1462 2568 1522 saeculi
2622 1469 2848 1540 tempo-

607 1554 772 1612 ribus
819 1562 881 1611 et
927 1575 1087 1612 more
1134 1554 1234 1612 illo
1268 1561 1330 1614 et
1360 1555 1521 1631 cyclo
1553 1554 1880 1615 utebantur
1911 1556 2007 1631 (cf.
2039 1552 2279 1612 Ebrard
2311 1573 2368 1628 Ρ.
2402 1552 2486 1608 40
2523 1557 2586 1610 et
2628 1573 2689 1630 p.
2723 1552 2850 1626 36).

605 1641 864 1701 Romani
911 1642 1139 1702 duobus
1184 1644 1432 1702 saeculis
1476 1650 1617 1722 post
1659 1665 1834 1704 usum
1886 1663 2057 1704 suum
2110 1645 2649 1712 commutaverant,
2713 1639 2848 1698 Bri-

607 1737 776 1790 tones
838 1732 1016 1789 etiam
1075 1737 1217 1791 tunc
1277 1752 1439 1791 more
1498 1736 1790 1809 majorum
1845 1734 2185 1792 utebantur.
2278 1729 2441 1805 Quid
2500 1750 2643 1806 ergo
2693 1729 2849 1805 judi-

609 1819 863 1878 candum
911 1826 1003 1878 est
1047 1820 1121 1878 de
1166 1820 1279 1880 hac
1325 1822 1771 1881 controversia?
1841 1822 1986 1896 nisi,
2059 1821 2217 1899 quod
2265 1822 2394 1895 jam
2437 1817 2608 1877 Beda
2662 1818 2850 1877 simile

607 1908 760 1967 dixit
825 1908 1142 1969 desectis
1160 1954 1174 1982 ‚
1242 1910 1635 1987 permansisse
1696 1911 1855 1969 hunc
1915 1908 2299 1989 computandi
2357 1908 2498 1967 festi
2554 1906 2849 1985 paschalis

604 2017 828 2055 morem
888 1999 1048 2075 apud
1108 1998 1388 2057 Britones
1448 2007 1681 2079 „utpote
1723 1998 1928 2079 quibus
1981 1996 2146 2079 lonye
2195 1994 2354 2056 ultra
2409 1994 2607 2055 orbem
2642 1992 2849 2075 positis

601 2104 768 2144 nemo
827 2083 1136 2164 synodalia
1187 2084 1488 2166 paschalis
1556 2086 1948 2148 observantiae
2014 2086 2241 2148 decreta
2294 2084 2698 2187 ponenti-§ww
2754 2084 2849 2159 (cf.

602 2173 772 2232 Beda
817 2175 874 2231 h.
920 2196 968 2233 e.
1018 2176 1074 2248 3,
1125 2176 1228 2249 25,
1276 2177 1311 2254 ξ
1360 2177 1531 2253 233).
1625 2177 1800 2251 Quod
1848 2177 2114 2254 profecto
2171 2174 2395 2234 nemini
2446 2174 2661 2232 mirum
2717 2172 2850 2244 erit,

604 2262 707 2339 qui
753 2283 949 2322 secum
995 2264 1391 2342 reputaverit,
1449 2285 1626 2342 quam
1674 2265 1916 2324 difficile
1963 2273 2107 2325 tunc
2151 2265 2336 2323 fuerit
2379 2263 2539 2322 inter
2581 2261 2848 2320 homines

602 2352 1028 2410 commercium.
1119 2352 1249 2430 Ipsi
1280 2354 1497 2412 aetatis
1528 2354 1689 2413 illius
1719 2354 1986 2413 homines
2032 2354 2146 2413 sibi
2193 2351 2413 2412 conscii
2458 2358 2630 2410 erant
2674 2350 2848 2409 nimis

602 2439 805 2500 multis
851 2447 914 2500 et
966 2441 1197 2518 magnis
1253 2441 1706 2501 difficultatibus
1762 2445 2129 2503 obstructam
2189 2463 2314 2502 esse
2376 2440 2721 2500 concordem
2782 2439 2846 2497 in

601 2529 879 2588 universa
911 2530 1155 2589 ecclesia
1200 2531 1339 2591 festi
1384 2532 1680 2608 paschalis
1725 2533 2199 2592 celebrationem.
2259 2530 2410 2588 Inde
2456 2530 2583 2588 fieri
2630 2529 2845 2607 potuit,

600 2623 670 2676 ut
711 2618 931 2696 passim
979 2619 1086 2693 (H.
1134 2620 1253 2678 aud
1299 2618 1388 2680 St.
1435 2620 1522 2694 ΙΙ,
1577 2622 1606 2677 1
1657 2643 1717 2700 Ρ.
1770 2622 1894 2679 100
1942 2629 2065 2681 not.
2113 2625 2173 2698 a)
2218 2621 2283 2677 in
2329 2618 2576 2677 ecclesia
2621 2618 2845 2677 dissen-

599 2706 794 2767 siones
840 2707 1165 2767 existerent
1210 2709 1283 2768 de
1329 2716 1598 2788 tempore
1652 2710 1792 2769 festi
1834 2710 2129 2790 paschalis
2173 2728 2365 2784 neque
2421 2707 2598 2765 simul
2641 2706 2845 2767 statim

599 2795 853 2855 schisma
913 2803 1198 2856 oreretur.
1290 2797 1499 2875 Neque
1562 2798 1739 2858 aliter
1805 2799 1869 2858 in
1929 2798 2134 2871 Gallia
2201 2818 2298 2856 res
2366 2816 2493 2856 sese
2567 2795 2843 2855 habebat.

597 2884 690 2945 Ne
735 2885 990 2963 amplius
1045 2886 1170 2946 dies
1226 2887 1367 2947 festi
1424 2887 1722 2965 paschalis
1780 2894 1983 2967 posset
2013 2886 2229 2955 ,vocari
2286 2887 2352 2945 in
2412 2883 2845 2944 dubitationem

600 2973 846 3033 concilio
906 2972 1319 3034 Aurelianensi
1385 2997 1522 3035 ann.
1583 2976 1704 3035 541
1773 2978 1924 3053 (can.
1981 2976 2093 3050 IV,
2159 2978 2188 3034 1
2240 2975 2320 3034 Η.
2367 2974 2487 3033 and
2532 2972 2621 3032 St.
2666 2973 2755 3046 H,
2807 2973 2836 3030 1

597 3083 655 3140 Ρ.
707 3061 816 3139 75)
862 3063 1104 3140 placuit,
1151 3072 1214 3121 ut
1258 3072 1522 3124 sanetum
1553 3062 1787 3146 pascha
1832 3064 2150 3125 secundum
2202 3059 2544 3125 latet-malum
2607 3057 2850 3121 Victorii

596 3147 673 3207 ab
717 3148 980 3210 omnibus
1023 3151 1411 3213 sacerdotibus
1454 3173 1572 3214 uno
1624 3163 1879 3236 tempore
1931 3151 2311 3214 celebraretur
2355 3149 2552 3211 ..de
2593 3170 2712 3231 qua
2754 3168 2841 3208 so-

597 3234 861 3298 lennitate
888 3237 1104 3319 quoties
1135 3237 1358 3321 aliquid
1387 3241 1767 3315 dubitaretur,
1797 3241 2070 3325 inqui-saa
2113 3239 2202 3301 vel
2245 3195 2444 3320 aynita
2474 3257 2593 3318 per
2636 3245 2843 3298 metro-

581 3322 881 3405 politanas
911 3348 951 3386 a
978 3327 1112 3388 sede
1141 3328 1459 3411 apostoliea
1496 3352 1670 3392 saera
1707 3330 2027 3392 comtitzdio
2064 3338 2358 3390 caneretur.
2447 3327 2840 3390 Nihilosecius

596 3415 766 3474 annis
799 3415 923 3474 577
959 3423 1020 3476 et
1054 3417 1179 3475 590
1212 3419 1430 3478 iterum
1461 3422 1534 3479 de
1583 3422 1784 3480 eadem
1832 3441 1896 3478 re
1942 3425 2075 3479 orta
2122 3424 2212 3477 est
2256 3417 2568 3489 dissensi03
2613 3412 2837 3488 Latini,

596 3503 794 3580 inquit
838 3503 1164 3582 Gregorius
1213 3507 1547 3569 Turonenis
1594 3509 1797 3569 eodem
1853 3510 2008 3580 loco,
2070 3511 2236 3582 cujus
2290 3512 2523 3586 partem
2578 3506 2835 3585 priorem

595 3611 774 3668 supra
822 3597 1403 3657 commemoravimus
1463 3599 1544 3674 (h.
1594 3620 1640 3656 e.
1689 3598 1764 3670 V,
1826 3598 1925 3655 17.
1971 3597 2050 3655 Η.
2098 3597 2216 3655 and
2262 3595 2351 3655 St.
2398 3595 2485 3669 ΙΙ,
2538 3595 2566 3652 1
2618 3616 2677 3673 Ρ.
2727 3592 2837 3668 77)

597 3679 1046 3743 celebraverunt
1091 3682 1262 3744 lunae
1306 3683 1585 3766 viyesima
1627 3684 1897 3745 secanda.
1994 3681 2083 3745 Ob
2126 3682 2234 3745 hoc
2265 3685 2410 3761 (sciL
2444 3684 2603 3761 quod
2634 3683 2839 3742 Victo-

594 3768 718 3827 rius
773 3770 946 3829 lunae
1003 3773 1227 3832 decima
1287 3775 1497 3852 quinta
1552 3775 1772 3852 pascha
1827 3774 2064 3854 scripsit
2115 3774 2247 3833 fieri
2301 3773 2372 3831 cf.
2417 3770 2620 3873 supra)
2667 3766 2845 3829 multi

593 3855 657 3916 in
705 3852 910 3919 Gallia
955 3858 1181 3920 decima
1235 3861 1438 3944 quima
1492 3858 1930 3922 celebraverunt.
2023 3858 2156 3923 Nos
2200 3870 2394 3922 autem
2436 3858 2711 3940 viyesima
2753 3877 2837 3918 se-

593 3944 806 4010 cunda.
898 3948 1134 4022 Nonne,
1206 3951 1318 4008 etsi
1374 3951 1522 4007 illud
1580 3949 1651 4009 ob
1703 3947 1811 4010 hoc
1866 3951 2005 4011 huic
2062 3951 2326 4029 opinioni
2384 3970 2504 4009 non
2565 3949 2839 4026 quadrat,

592 4036 910 4095 verisimile
957 4043 1048 4096 est
1091 4038 1225 4097 illos
1272 4035 1574 4109 „multos“
1620 4039 1766 4098 alios
1824 4060 1941 4099 non
1996 4041 2178 4099 fuisse
2231 4039 2347 4100 nisi
2390 4037 2672 4098 Britones
2716 4038 2839 4098 Ar-

591 4126 948 4197 moricanos,
1011 4145 1261 4200 quorum
1315 4127 1658 4204 provinciae
1730 4128 1943 4188 civitas
2015 4128 2378 4188 Turonensis
2448 4135 2581 4188 erat
2643 4128 2841 4188 vicina

591 4215 696 4291 (H.
743 4213 860 4272 and
908 4212 995 4272 St.
1042 4213 1131 4286 ΙΙ,
1185 4216 1212 4271 1
1265 4236 1326 4293 Ρ.
1363 4217 1443 4273 77
1488 4221 1611 4274 not.
1644 4216 1745 4293 a)?
1792 4216 2109 4276 Britonum
2155 4217 2310 4275 enim
2355 4236 2518 4275 more
2565 4217 2840 4295 congruit

590 4302 818 4361 decima
878 4302 1088 4377 quinta
1148 4302 1322 4360 lunae
1384 4305 1679 4364 celebrare
1699 4349 1713 4378 ,
1783 4312 1843 4365 et
1902 4306 2069 4364 ullud
2127 4302 2241 4376 „ob
2299 4301 2450 4363 hoc“
2510 4304 2838 4384 Gregorius

589 4411 820 4450 causam
877 4390 1089 4448 afferre
1146 4392 1388 4468 cupiens
1446 4394 1518 4450 de
1574 4394 1695 4452 suis
1757 4395 2006 4453 addidit.
2099 4393 2232 4467 Qua
2278 4393 2338 4450 iu
2385 4413 2450 4451 re
2496 4395 2557 4453 id
2601 4394 2839 4475 potissi-
