3134 5034
1395 303 1885 361 —110—

520 502 700 559 quam
746 481 908 540 dicta
955 481 1028 539 de
1074 480 1379 539 fratribus.
1440 481 1595 540 Nam
1641 480 1782 539 licet
1826 480 2014 540 levius
2060 481 2141 540 sit
2170 515 2257 525 —
2291 480 2450 557 quod
2496 479 2769 556 equidem

521 591 640 631 non
687 569 941 629 concedo
995 602 1070 615 -
1121 570 1525 629 testimonium
1587 569 1736 628 illud
1791 589 1863 627 ex
1909 569 2036 629 vita
2083 568 2369 627 Walarici
2429 569 2769 645 repetitum,

520 666 723 720 tamen
768 660 896 736 ipse
942 658 1253 717 Ebrardus
1298 679 1416 717 non
1446 659 1673 735 poterit
1702 680 1820 717 non
1853 659 2172 717 concedere
2202 658 2554 717 monachum
2585 657 2771 729 illum,

520 748 629 826 qui
672 747 1061 807 Bercharium
1109 747 1388 806 abbatem
1419 747 1936 807 Altivillarensem
1967 754 2029 805 et
2057 747 2424 806 Dervensem
2471 746 2774 805 interfecit

523 839 620 913 (cf.
653 856 835 915 supra
866 857 923 914 p.
962 837 1131 911 102),
1179 836 1321 914 quia
1350 836 1451 895 ille
1483 855 1617 894 eum
1662 844 1727 896 ut
1770 834 1990 895 moris
2034 844 2160 897 erat
2189 833 2535 916 sedendum
2579 833 2769 894 deere-

522 933 684 987 verat
730 925 863 1001 (vit.
908 925 1122 984 Berch.
1162 926 1259 997 19,
1305 926 1463 983 Mab.
1494 924 1582 998 H,
1629 946 1689 1004 p.
1721 925 1897 1001 842),
1943 946 2062 984 non
2102 928 2233 1001 jam
2275 944 2528 1004 puerum
2573 924 2771 996 fuisse,

523 1015 627 1074 sed
674 1015 889 1086 virum,
952 1014 1163 1073 saltem
1203 1016 1499 1090 juvenem.
1593 1015 1768 1089 Quod
1812 1014 1862 1073 si
1911 1034 2129 1091 negare
2174 1033 2294 1073 non
2338 1014 2507 1085 licet,
2571 1032 2773 1072 conce-

524 1104 780 1163 dendum
828 1108 919 1162 est
963 1102 1143 1162 moris
1187 1102 1369 1162 fuisse
1420 1104 1487 1161 in
1539 1104 1915 1163 monasteriis
1950 1103 2291 1162 ‘secundum
2344 1103 2612 1178 regulam
2659 1100 2773 1160 Co-

524 1193 759 1253 lumbae
803 1191 1100 1251 institutis
1145 1192 1494 1251 verberibus
1550 1192 1766 1271 punire
1823 1193 2257 1265 inobedientes,
2320 1212 2456 1250 nam
2504 1197 2566 1249 et
2611 1189 2774 1249 Alti-

525 1282 843 1341 villarense
889 1281 986 1357 (cf.
1032 1280 1320 1339 Mabillon
1366 1280 1597 1341 observ.
1644 1302 1846 1359 praev.
1892 1282 1955 1339 in
2001 1281 2107 1340 vit.
2153 1280 2370 1341 Berch.
2415 1301 2474 1358 p.
2523 1280 2672 1350 831,
2708 1279 2773 1354 3)

525 1378 587 1434 et
631 1371 938 1429 Dervense
984 1369 1405 1428 monasterium
1453 1371 1553 1445 (cf.
1599 1371 1877 1449 Loening
1919 1370 2007 1444 II,
2053 1391 2112 1448 p.
2146 1370 2275 1428 442
2309 1375 2433 1428 not.
2469 1369 2533 1445 2)
2579 1385 2774 1427 secun-

524 1458 671 1518 dum
713 1453 979 1538 reyulam
1024 1453 1139 1517 SS.
1186 1449 1498 1517 Benedicti
1540 1467 1593 1518 et
1641 1456 1992 1519 Columbani
2033 1459 2275 1519 condita
2322 1462 2509 1516 erant.

703 1547 838 1619 His,
886 1566 1039 1622 quae
1071 1547 1306 1623 singula
1337 1548 1621 1624 exemplis
1653 1549 2058 1626 comprobant,
2090 1548 2322 1607 accedit
2351 1545 2775 1617 testimonium,

527 1635 687 1712 quod
732 1641 921 1693 totam
968 1636 1236 1711 regulam
1289 1636 1466 1696 nimis
1522 1657 1787 1696 severam
1840 1637 2022 1696 fuisse
2077 1637 2462 1695 demonstrat.
2553 1635 2777 1694 Narrat

528 1724 682 1782 enim
728 1723 918 1782 Jonas
978 1723 1041 1782 in
1099 1724 1228 1783 vita
1287 1724 1566 1798 Attalae,
1629 1727 1867 1785 abbatis
1911 1725 2228 1785 Bobiensis
2274 1728 2347 1801 (c.
2398 1726 2436 1781 2
2483 1723 2641 1782 Mab.
2686 1722 2803 1794 II,.

528 1833 665 1871 ann.
700 1813 845 1884 627,
879 1833 935 1889 Ρ.
976 1813 1125 1889 123)
1171 1815 1485 1873 nonnullos
1530 1814 1850 1874 monachos
1895 1814 2225 1874 Bobienses
2270 1813 2591 1872 tumultum
2640 1831 2776 1871 con·

525 1902 740 1962 citasse
785 1901 944 1959 inter
987 1900 1205 1961 fratres
1251 1903 1514 1963 dicentes
1567 1922 1628 1962 se
1679 1901 1849 1963 m‘nm‘
1883 1900 2144 1984 fervo‘n's
2188 1900 2579 1962 austeritatem
2607 1899 2780 1981 ferre

526 2009 645 2050 non
701 2009 880 2069 posse
938 1998 990 2049 et
1047 1990 1274 2050 arduae
1337 1990 1678 2072 disciplinae
1720 2021 1736 2031 “
1735 1991 2010 2074 pondera
2069 2000 2317 2072 portare
2383 2010 2501 2051 non
2573 1986 2780 2050 valere.

527 2079 740 2140 Nonne
771 2080 1051 2139 disertius
1096 2080 1241 2139 haec
1285 2082 1445 2140 dicta
1492 2089 1648 2154 sunt,
1695 2102 1873 2158 quam
1904 2087 1974 2140 ut
2002 2081 2202 2141 verbis
2235 2080 2500 2157 (Ebrard
2529 2101 2588 2157 Ρ.
2626 2078 2780 2153 156)

530 2169 839 2228 diluantur
885 2170 983 2244 (cf.
1029 2168 1246 2228 Her-tel
1290 2191 1350 2247 Ρ.
1397 2170 1593 2246 436)?

709 2258 1142 2316 Firmissimum
1188 2258 1446 2334 denique
1505 2267 1921 2336 argumentum
1968 2258 2335 2336 Loeningius
2381 2257 2493 2333 (II,
2534 2279 2592 2335 Ρ.
2625 2256 2781 2331 433)

530 2347 786 2425 protulit
829 2347 1123 2422 regulam,
1171 2367 1349 2423 quam
1395 2348 1694 2420 Donatus,
1753 2348 2064 2426 episcopus
2110 2346 2630 2417 vesontionensis,
2679 2344 2786 2421 qui

532 2441 686 2494 teste
730 2435 777 2495 J
779 2454 893 2494 ona
939 2435 1070 2510 (vit.
1103 2434 1229 2496 Col.
1264 2437 1365 2506 22,
1397 2437 1556 2495 Mab.
1587 2436 1675 2508 II,
1721 2457 1779 2514 p.
1819 2437 1923 2512 14)
1955 2435 2304 2495 Waldeleno
2352 2435 2490 2493 duci
2536 2437 2784 2512 ejusque

532 2524 706 2582 uxori
761 2524 968 2583 liberis
1029 2526 1368 2584 carentibus
1428 2531 1679 2602 rogante
1725 2525 2016 2584 Columba
2071 2546 2107 2584 a
2152 2525 2262 2583 deo
2320 2531 2451 2583 erat
2510 2523 2784 2595 donatus,

536 2613 584 2672 J
583 2633 797 2671 uesano
844 2614 1203 2672 monasterio
1252 2635 1287 2672 a
1332 2634 1394 2672 se
1427 2620 1488 2672 et
1520 2634 1555 2671 a
1587 2621 1777 2672 matre
1809 2634 1916 2673 sua
1951 2614 2190 2672 condito
2222 2613 2442 2673 indidit
2475 2611 2785 2689 (Holsten·

534 2700 792 2759 Brockie
836 2701 888 2774 I,
933 2722 992 2779 p.
1036 2702 1115 2759 37
1127 2704 1207 2778 7).
1231 2703 1257 2739 ¹
1346 2702 1502 2780 Ejus
1544 2703 1705 2761 enim
1748 2703 2077 2779 puellarum
2126 2701 2472 2762 monasterii
2516 2700 2789 2777 regulam

536 2796 690 2849 teste
720 2789 1056 2867 Loeningio
1087 2790 1364 2851 Donatus
1396 2813 1468 2850 ex
1500 2790 1784 2864 Caesarii,
1833 2792 2161 2864 Benedicti,
2209 2790 2535 2852 Columbae
2565 2790 2789 2866 regulis

536 2879 624 2938 ita
670 2880 1027 2957 composuit,
1087 2885 1158 2937 ut
1204 2884 1487 2956 maJ’orem
1535 2880 1803 2959 capitum
1847 2887 2077 2957 partem
2124 2901 2161 2940 a
2204 2881 2413 2957 regula
2459 2878 2547 2938 St.
2593 2878 2786 2938 Bene·

537 2968 685 3026 dicti
730 2974 1122 3040 mutuaretur,
1169 2969 1271 3027 sed
1318 2970 1499 3028 etiam
1547 2990 1620 3027 ex
1653 2968 1978 3028 Columbae
2023 2970 2229 3045 regula
2275 2968 2561 3027 nonnulla
2591 2974 2789 3026 trans-

538 3056 823 3115 scriberet
868 3056 1089 3134 partim
1135 3058 1212 3115 ad
1259 3058 1504 3116 verbum
1552 3065 1786 3136 partem
1834 3064 2063 3117 mutata
2117 3077 2227 3135 pro
2286 3057 2616 3135 puellarum
2648 3077 2787 3130 ⁴mo-

537 3145 785 3202 nasterii
853 3164 980 3203 usu.
1094 3144 1169 3203 Id
1241 3166 1386 3208 vero
1455 3148 1677 3224 ipsum,
1763 3147 1922 3223 quod
1994 3147 2302 3224 proprium
2379 3151 2471 3204 est
2544 3146 2788 3222 regulae

540 3231 890 3307 Columbae,
961 3233 1259 3293 crebriora
1320 3234 1426 3293 illa
1470 3235 1720 3294 verbera
1767 3237 1829 3292 in
1873 3255 2094 3313 poenas
2154 3235 2482 3313 insumpta,
2544 3233 2787 3292 minime

540 3321 754 3381 omissa
799 3328 938 3381 sunt
981 3344 1015 3381 a
1047 3322 1308 3383 Donat0.
1356 3323 1551 3397 (Quae
1599 3343 1731 3382 cum
1777 3324 1865 3383 ita
1911 3324 2050 3397 sint,
2097 3324 2363 3383 dubitari
2406 3342 2528 3382 non
2571 3328 2789 3400 potest,

542 3410 686 3487 quin
748 3413 989 3489 regulae
1048 3411 1209 3471 illius
1270 3412 1628 3472 coenobialis
1689 3419 1897 3472 auctor
1957 3412 2250 3472 Columba
2313 3412 2509 3471 fuerit.
2619 3412 2803 3489 Quae⁴

541 3505 743 3557 utrum
790 3501 949 3578 apud
996 3500 1379 3560 Holstenium
1422 3502 1987 3578 interpolationibus
2041 3509 2218 3562 aucta
2274 3522 2349 3560 an
2404 3501 2467 3559 in
2514 3499 2647 3559 aliis
2697 3520 2790 3559 co-

542 3587 774 3646 dicibus
819 3589 1099 3648 mutilata
1145 3591 1249 3663 sit,
1311 3590 1643 3666 dijudicare
1689 3597 1896 3649 nostra
1942 3611 2059 3650 non
2106 3591 2373 3651 interest.
2464 3589 2617 3649 Nam
2665 3588 2793 3648 sive

543 3674 653 3734 hoc
698 3677 839 3749 sive,
886 3678 1045 3753 quod
1092 3680 1364 3756 equidem
1412 3679 1641 3752 malim,
1687 3679 1836 3738 illud
1883 3679 2237 3749 affirmatur,
2277 3682 2507 3755 justum
2555 3677 2628 3735 de
2673 3675 2791 3735 Co-

542 3765 778 3824 lumbae
837 3767 1044 3842 regula
1100 3772 1344 3845 ejusque
1404 3776 1621 3827 natura
1685 3775 1864 3844 atque
1924 3768 2120 3827 indole
2175 3768 2466 3844 judicium
2521 3768 2793 3825 fecerunt

542 3846 935 3931 Rettbergius
967 3855 1079 3931 (Π,
1110 3878 1167 3936 p.
1204 3858 1329 3916 680
1363 3861 1535 3934 sqq.),
1578 3857 1887 3917 Hertelius
1920 3859 2003 3935 (p.
2038 3857 2165 3914 449
2199 3860 2374 3935 sqq.),
2419 3855 2792 3931 Loeningius

546 3941 658 4019 (Π,
704 3962 761 4020 Ρ.
813 3944 941 4003 434
988 3949 1118 4022 sq.),
1174 3945 1251 4006 ad
1298 3965 1444 4021 quos
1490 3946 1676 4005 libros
1722 3946 1998 4023 delegare
2044 3946 2190 4004 mihi
2234 3946 2412 4005 liceat
2457 3944 2793 4004 accuratius

546 4039 945 4109 quaerentem,
992 4040 1061 4094 ut
1106 4035 1220 4112 ipsi
1265 4054 1516 4114 pergere
1562 4036 1855 4113 possimus
1902 4035 1978 4094 ad
2025 4055 2120 4107 ea,
2169 4055 2320 4112 quae
2365 4039 2611 4093 restant.

730 4190 750 4220 ²
788 4188 866 4242 Et
916 4189 976 4242 in
1023 4189 1394 4244 describendo
1443 4189 1579 4243 libri
1629 4189 1755 4244 loco
1807 4193 1866 4243 et
1907 4190 1967 4243 in
2021 4190 2148 4258 ipsa
2190 4206 2252 4244 re
2298 4187 2631 4271 Loeningio
2660 4204 2794 4241 con-

546 4260 724 4314 fidere
763 4263 992 4313 coactus
1031 4277 1178 4326 sum,
1236 4262 1366 4329 quia
1415 4260 1765 4314 bibliotheca
1814 4264 2010 4314 nostra
2049 4260 2360 4330 Lipsiensis
2398 4260 2577 4314 solam
2616 4258 2794 4327 ipsius

547 4330 839 4384 Holstenii
877 4330 1185 4384 editionem
1223 4331 1482 4399 (Romae.
1525 4331 1691 4399 1661)
1719 4331 1987 4400 possidet,
2028 4348 2140 4386 non
2166 4331 2327 4385 illam
2351 4348 2457 4400 per
2482 4329 2794 4431 Brockium

548 4406 771 4456 auctam
812 4401 1310 4471 (Vindob.1759).
