3134 5034
1244 325 1687 381 ..99—

342 500 549 576 magni
594 499 904 558 aestimata
950 500 1027 558 ab
1074 499 1204 577 ipso
1246 499 1538 573 Ebrardo,
1588 520 1637 560 c.
1692 500 1763 557 11
1818 499 1897 558 ib.
1944 520 2081 558 ann.
2130 499 2275 570 655,
2323 520 2379 577 Ρ.
2414 499 2590 576 425),

341 588 565 660 credat,
612 588 875 664 inquam,
908 587 1185 646 Ebrardo
1215 589 1349 647 illas
1380 588 1766 666 reliquiarum
1797 594 1859 647 et
1889 594 2227 647 sanctorum
2261 588 2587 648 mentiones

340 676 749 735 additamenta
812 695 939 735 esse
1007 677 1385 754 scriptorum,
1457 678 1672 753 quibus
1736 682 1970 736 sanctos
2033 675 2402 735 exornandos
2463 696 2588 736 esse

341 785 659 844 perperam
705 764 794 822 illi
839 765 1212 842 putaverint3
1264 798 1339 809 --
1393 766 1599 824 credat
1628 765 1976 825 Columbam
2021 765 2364 842 saepissime
2403 766 2586 825 verba

340 855 549 913 fecisse
596 853 669 911 de
716 850 935 912 Sancto
979 850 1188 930 Petro,
1249 852 1467 914 Sancto
1512 850 1738 924 Paulo,
1784 849 2002 913 Sancto
2048 850 2414 932 Hieronymo
2461 853 2589 930 (sed

340 942 417 1001 de
450 937 742 1016 „Eusebio
769 937 1168 1002 Caesam&
1207 963 1299 1021 ep.
1327 944 1385 1016 5,
1408 965 1465 1021 p.
1493 944 1575 1002 32
1602 941 1706 1019 Α),
1737 941 1842 1001 sed
1871 943 1981 1001 hoc
2011 963 2129 1001 non
2160 943 2338 1001 aliter
2365 943 2588 1002 dictum

341 1051 471 1090 esse
517 1037 698 1106 atque
743 1031 893 1088 illud
944 1031 1142 1103 „vivus
1184 1051 1434 1113 namque
1477 1039 1710 1091 sanctus
1754 1030 2064 1092 mandare
2085 1039 2291 1113 potest,
2337 1049 2485 1111 quae
2514 1027 2588 1090 ab

339 1116 527 1178 altero
580 1114 805 1199 majore
849 1119 1155 1179 emendata
1198 1139 1317 1180 non
1345 1118 1615 1202 maiust
1666 1125 1780 1198 (ep.
1831 1120 1887 1193 5,
1935 1141 1994 1197 p.
2043 1120 2126 1177 32
2176 1119 2251 1195 G)
2297 1120 2394 1179 vel
2439 1120 2588 1177 illud

349 1228 428 1282 „a
482 1203 700 1266 Sancto
759 1203 1032 1268 Candido
1088 1215 1219 1269 ωσι*
1285 1210 1387 1285 (ib.
1451 1231 1508 1287 p.
1559 1209 1643 1267 33
1689 1207 1798 1285 Β);
1847 1242 1931 1254 -
1980 1209 2183 1267 credat
2237 1207 2587 1267 Columbam

341 1295 586 1375 petiisse
631 1317 667 1354 a
714 1297 901 1373 papis,
948 1304 1018 1355 ut
1062 1318 1171 1375 pro
1219 1318 1281 1357 se
1329 1306 1562 1358 orarent
1579 1294 1761 1378 jwcta
1789 1294 1914 1356 loco
1943 1304 2145 1356 sancta
2175 1306 2228 1357 et
2255 1304 2591 1356 sanctorum

338 1384 595 1445 cinere-3⁶⁴
650 1386 767 1461 (ep.
816 1385 874 1457 4,
922 1406 978 1462 p.
1028 1387 1107 1444 31
1143 1386 1198 1445 E
1246 1394 1307 1446 et
1352 1408 1442 1465 ep.
1498 1389 1550 1460 1,
1597 1407 1654 1463 p.
1705 1386 1788 1443 24
1821 1386 1918 1462 F),
1963 1384 2065 1445 sed
2111 1386 2166 1444 ei
2210 1405 2454 1462 prorsus
2498 1384 2588 1443 in-

342 1479 713 1551 compertum
744 1474 944 1547 fuisse,
977 1476 1272 1551 quomodo
1304 1495 1495 1554 papae
1526 1477 1786 1535 solerent
1817 1495 1988 1554 orare
2014 1478 2190 1550 juxta
2214 1475 2344 1533 loca
2367 1479 2588 1546 sancta,

342 1581 538 1638 neque
582 1562 974 1620 dubitandum
1021 1583 1163 1637 esse,
1211 1565 1355 1640 quin
1403 1564 1529 1641 ipse
1577 1563 1884 1637 Columba,
1931 1564 1983 1623 si
2028 1564 2282 1622 Romam
2324 1563 2591 1621 venisset

345 1644 703 1730 Greymum
749 1671 966 1728 papam
980 1696 994 1724 ,
1040 1659 1110 1713 ut
1155 1653 1268 1725 ait,
1315 1652 1657 1713 desiderans
1699 1671 1820 1711 non
1865 1648 2129 1712 Romam
2181 1648 2381 1724 „salva
2425 1647 2590 1710 sane-

338 1748 540 1798 torum
582 1737 898 1799 reverentia
943 1738 1237 1800 einerum“
1291 1743 1405 1819 (ep.
1457 1742 1511 1814 5,
1560 1763 1619 1819 p.
1669 1742 1751 1800 33
1786 1741 1863 1812 A,
1912 1743 1983 1800 cf.
2031 1740 2307 1816 Fleming
2351 1760 2409 1817 p.
2448 1739 2590 1812 159,

344 1849 483 1887 nam
527 1828 689 1886 Bibl.
735 1848 889 1887 max.
936 1850 993 1907 p.
1042 1830 1125 1888 33
1174 1830 1235 1889 A
1291 1823 1557 1890 invenies
1614 1829 1912 1906 cinerem),
1969 1831 2145 1906 longe
2192 1830 2367 1888 aliter
2412 1836 2592 1905 atque

343 1937 537 1995 papae
584 1923 860 1976 oraturus
890 1917 1074 1977 fuerit
1098 1922 1274 1995 juxta
1304 1926 1644 1978 sanctorum
1678 1919 1921 1991 eineres,
1970 1917 2238 1993 quamvis
2271 1918 2397 1994 ipse
2429 1918 2592 1976 dicat

347 2006 687 2081 (instructio
742 2005 793 2078 Ι,
855 2005 1017 2065 Bibl.
1078 2028 1233 2065 max.
1295 2009 1393 2080 12,
1454 2029 1511 2086 p.
1566 2009 1646 2065 10
1702 2007 1787 2083 D)
1847 2004 2023 2065 deum
2069 2024 2188 2085 per
2257 2013 2593 2063 sanctorum

340 2114 586 2153 suorum
642 2093 850 2153 merita
909 2104 961 2153 et
1012 2094 1357 2155 interventus
1403 2096 1700 2156 orandum
1745 2115 1898 2166 esse;
1948 2129 2025 2140 --
2076 2094 2430 2171 persuadeat
2476 2093 2591 2152 sibi

345 2182 695 2241 Columbam
757 2183 1097 2243 Turonibus
1160 2185 1434 2244 visitasse
1504 2186 1837 2263 sepulcrum
1897 2181 2026 2242 Scti
2085 2182 2332 2241 Martini
2401 2202 2592 2257 neque

345 2272 599 2330 coluisse
655 2291 788 2330 eum
834 2278 903 2330 ut
948 2274 1052 2332 alii
1097 2272 1259 2332 illius
1306 2273 1520 2333 aetatis
1566 2272 1866 2345 catholici,
1925 2272 2197 2348 quamvis
2240 2271 2431 2330 Jonas
2477 2270 2592 2329 Go-

347 2360 609 2418 lumbam
668 2360 915 2420 inducat
974 2362 1265 2422 dicentem
1317 2381 1434 2422 non
1486 2360 1708 2422 ideirco
1754 2359 1837 2420 ad
1879 2357 2004 2441 ejus
2051 2360 2347 2436 (Martini)
2392 2377 2452 2418 se
2496 2377 2591 2420 ex-

344 2445 584 2507 cubasse
642 2445 943 2529 reliquia-9,
1006 2459 1070 2509 ut
1118 2446 1225 2510 ‚ille
1279 2470 1388 2510 sua
1442 2469 1514 2510 ac
1558 2470 1801 2510 suorum
1845 2449 2051 2508 sineret
2095 2448 2319 2507 damna
2350 2445 2598 2527 patrari
2661 2523 2665 2528 .

326 2534 609 2616 fratrum
654 2537 784 2611 (vit.
833 2537 959 2596 001.
1006 2540 1109 2612 44,
1155 2553 1213 2616 p.
1265 2541 1365 2612 23,
1414 2540 1639 2612 ef.'42,
1687 2561 1745 2617 p.
1794 2540 1922 2612 22).

528 2624 706 2683 Aliae
751 2633 949 2685 autem
995 2628 1147 2687 duae
1202 2628 1314 2686 hoc
1359 2629 1488 2687 loco
1535 2628 1831 2688 exsistunt
1892 2626 2297 2703 quaestiones,
2359 2624 2591 2700 dignae,

346 2732 502 2789 quae
564 2734 767 2773 severe
823 2717 1261 2788 examinentur,
1328 2717 1518 2794 prior,
1583 2717 1727 2794 quid
1773 2715 2098 2775 Columbae
2152 2722 2215 2773 et
2274 2713 2417 2772 socii
2465 2716 2594 2789 ejus

339 2802 747 2878 judicaverint
793 2803 865 2861 de
911 2804 1261 2881 virginitate
1310 2814 1371 2863 et
1415 2806 1489 2863 de
1537 2805 1880 2864 clericorum
1928 2803 2337 2875 matrimoniis,
2385 2804 2593 2875 altera,

355 2909 498 2948 num
545 2891 661 2949 alia
706 2891 890 2950 fuerit
933 2892 1093 2969 apud
1139 2894 1327 2951 socios
1375 2893 1699 2952 Columbae
1745 2894 1873 2952 vita
1917 2891 2258 2949 monachica
2303 2897 2486 2967 atque
2532 2891 2594 2947 in

347 2979 597 3039 univers.
621 2979 868 3038 eeclesia
891 2987 953 3039 et
978 2981 1122 3057 quid
1145 2981 1217 3040 de
1241 2983 1660 3040 monachorum
1684 2982 1810 3042 vita
1835 2981 1961 3057 ipse
1980 2978 2270 3039 Columba
2294 2978 2593 3062 statuerit.

536 3067 744 3127 Scotos
793 3069 879 3146 [et
923 3069 1228 3148 Britones]
1276 3070 1349 3129 de
1412 3071 1756 3130 clericorum
1815 3065 2208 3127 matrimoniis
2264 3088 2384 3126 non
2439 3068 2595 3126 idem

347 3158 602 3216 sensisse
649 3158 808 3232 quod
856 3165 1086 3217 ceterae
1133 3159 1293 3218 illius
1340 3160 1557 3218 aetatis
1605 3159 1883 3217 ecclesiae
1930 3178 2048 3216 non
2096 3158 2256 3216 solus
2287 3157 2595 3216 Ebrardus

359 3249 444 3324 (p.
480 3247 604 3303 206
655 3249 810 3322 sqq.)
858 3247 1196 3320 affirmavit,
1245 3247 1363 3320 sed,
1411 3268 1542 3307 cum
1575 3241 1970 3323 Rettbergius
2003 3247 2062 3321 (I
2092 3267 2150 3324 p.
2186 3247 2313 3304 320
2347 3252 2408 3304 et
2441 3246 2595 3322 324)

346 3334 595 3393 eandem
644 3335 1001 3394 sententiam
1047 3337 1298 3408 tulisset,
1344 3337 1407 3395 in
1454 3336 1778 3396 Germania
1825 3329 2325 3411 evangelicorum,
2373 3334 2477 3409 qui
2522 3334 2595 3392 de

350 3423 674 3482 Britonum
706 3422 1135 3501 Scotorumque
1166 3425 1427 3484 ecclesiis
1455 3426 1643 3484 verba
1670 3421 1957 3496 fecerunt,
2005 3442 2224 3495 omnes,
2256 3422 2371 3480 nisi
2402 3422 2594 3495 fallor,

346 3517 597 3590 excepto
645 3510 998 3589 Loeningio,
1046 3514 1290 3572 eandem
1337 3514 1543 3573 falsam
1590 3513 2031 3589 persuasionem
2079 3511 2195 3570 sibi
2239 3510 2594 3582 induerunt3

346 3600 495 3676 quin
560 3600 737 3659 etiam
801 3599 1112 3659 Scotorum
1180 3603 1496 3661 monachos
1567 3621 2011 3677 nonnumquam
2073 3600 2138 3657 in
2200 3599 2677 3669 matrimoniis.-

349 3688 569 3748 vixisse
593 3688 841 3747 Plittius
865 3689 1141 3748 Ebrardo
1172 3692 1461 3750 concessit
1483 3691 1806 3767 (Erlanger
1829 3689 2178 3748 zeitschrift
2208 3690 2306 3746 fiir
2336 3688 2595 3748 Protest.

349 3797 407 3834 u.
454 3778 572 3836 Ke.
626 3777 824 3849 1864,
872 3799 930 3855 Ρ.
981 3779 1152 3854 287),
1202 3799 1390 3855 neque
1447 3780 1767 3838 defuerunt
1821 3778 1884 3836 in
1930 3776 2186 3855 Anglia‚
2246 3775 2349 3854 qui
2397 3813 2480 3823 --
2527 3773 2597 3837 ut

349 3872 583 3924 taceam
645 3866 719 3923 de
781 3865 1172 3925 M'Lauchlan
1228 3885 1358 3926 cum
1404 3869 1682 3927 Ebrardo
1743 3867 2147 3927 consentiente
2196 3868 2293 3942 (cf.
2339 3866 2596 3940 Ebrard,

347 3975 410 4032 p.
458 3953 615 4031 VII)
669 3988 742 3999 —
796 3954 1088 4015 dicerent:
1144 3952 1297 4015 there
1329 3965 1340 3980 ·“
1356 3975 1458 4016 are
1506 3976 1824 4037 passayes,
1885 3952 2073 4015 which
2115 3973 2331 4035 prove,
2391 3950 2515 4013 that
2559 3974 2598 4013 a

353 4041 619 4103 married
652 4040 999 4123 priesthood
1056 4061 1180 4103 was
1224 4041 1345 4104 ποτ’
1382 4043 1670 4105 unknozmz
1732 4043 1796 4104 in
1855 4044 2089 4104 various
2142 4053 2310 4126 parts
2369 4042 2493 4102 and
2537 4051 2600 4102 at

352 4128 591 4190 vam'oas
625 4130 871 4211 periods
917 4130 996 4213 of·
1025 4129 1115 4192 the
1148 4129 1323 4192 Celtic
1345 4130 1584 4193 'charoli
1616 4134 1895 4208 (Warren
1929 4156 1985 4212 p.
2027 4134 2149 4210 13).
2221 4133 2413 4206 Quam
2454 4152 2597 4205 rem,

351 4238 487 4278 cum
531 4221 771 4279 maximi
818 4222 1101 4281 momenti
1144 4221 1224 4280 sit
1269 4221 1330 4279 in
1364 4223 1746 4282 aestimandis
1787 4223 1963 4282 rebus
1995 4243 2029 4280 a
2060 4222 2366 4281 Bonifatio
2397 4221 2599 4299 gestis,

352 4308 560 4387 paullo
589 4311 915 4369 ›verbosius
963 4311 1143 4369 etiam
1191 4310 1301 4368 hoc
1345 4311 1474 4369 loco
1523 4318 1781 4370 tractare
1828 4312 1972 4370 mihi
2017 4311 2211 4369 liceat.

536 4396 867 4456 Exordium
914 4399 1102 4476 igitur
1146 4398 1385 4477 capiens
1426 4395 1467 4457 ¹a
1512 4400 1931 4459 monachorum
1970 4400 2362 4460 matrimoniis
2407 4400 2602 4459 fateor

2098 4501 2173 4554 7*
