3134 5034
1559 295 1984 353 ἡ..δῇ-ω

662 481 822 541 tione
874 476 1050 538 Brito
1102 478 1284 537 fuisse
1328 476 1566 536 videtur
1583 521 1597 549 ‚
1668 475 1827 552 quod
1886 473 2263 552 sagacissime
2322 474 2639 552 profecto
2695 471 2977 533 Varinus

661 571 900 647 collegit
960 589 1032 626 ex
1093 567 1184 626 his
1242 566 1524 644 Prospcri
1578 564 1777 624 verbis
1833 564 2058 641 (chron.
2106 585 2247 623 ann.
2294 564 2426 622 429
2489 584 2607 642 op.
2665 563 2770 623 ed.
2822 562 2975 621 Bas·

661 659 791 720 sani
836 658 887 731 I,
933 680 992 736 Ρ.
1025 658 1172 729 401,
1218 655 1298 713 H.
1347 654 1464 713 and
1510 654 1598 714 St.
1631 655 1682 728 I,
1728 676 1787 733 p.
1825 656 1956 731 16):
2025 652 2109 714 ad
2151 651 2440 714 actionem
2495 649 2799 713 Palladi
2844 649 2975 711 dia-

662 747 793 809 coni
848 744 1030 826 Papa
1095 740 1437 805 Coelestinas
1491 781 1649 805 ⁴...
1709 738 2075 805 Germanum
2274 741 2391 803 vice
2459 762 2597 802 sua
2665 740 2865 801 orauit
2925 747 2976 799 et

662 834 974 898 deturbatis
1012 831 1309 895 haereticis
1339 830 1690 893 Britannias
1735 832 1819 893 ad
1862 829 2206 893 catholicam
2228 831 2422 916 fidem
2477 829 2745 912 (ἰὴ-ἱρὴ.
2815 831 2878 891 Ν
2879 850 2976 888 8111

663 925 807 1004 quid
852 924 1151 996 Palladio,
1223 923 1378 982 sedis
1434 922 1796 1002 apostolicae
1850 923 2123 996 diacono,
2193 921 2551 982 commercii
2620 928 2776 981 erat
2837 940 2973 979 cum

662 1015 1031 1087 Britonibus,
1080 1013 1194 1072 nisi
1237 1013 1365 1090 ipse
1412 1020 1543 1073 erat
1586 1012 1804 1073 Brito?

838 1103 930 1163 At
975 1103 1139 1163 dicat
1183 1104 1434 1162 fortasse
1482 1103 1777 1180 quispiam
1822 1102 1960 1161 huic
2014 1108 2249 1162 nostrae
2304 1101 2681 1160 sententiae
2735 1119 2969 1178 repug-

664 1214 805 1252 nare
861 1192 1241 1253 confessionis
1284 1191 1538 1252 Patricii
1593 1212 1918 1251 sermonem
1977 1213 2045 1251 ac
2100 1192 2318 1268 stylum
2373 1191 2712 1249 incultum
2777 1194 2971 1265 atque

664 1282 1028 1360 impeditum.
1121 1280 1316 1356 Atqui
1377 1280 1656 1340 librarios
1716 1287 1950 1341 accuset
2009 1301 2128 1340 non
2186 1280 2530 1341 Patricium
2546 1325 2563 1353 ,
2639 1300 2796 1338 nam
2863 1276 2968 1354 qui

664 1372 761 1430 dei
807 1377 870 1430 et
915 1371 1317 1450 apostolorum
1364 1371 1548 1429 verba
1595 1370 1657 1427 in
1703 1371 1952 1430 latinum
2010 1370 2333 1430 transferre
2389 1369 2614 1447 potuit
2669 1370 2805 1447 (ep.
2865 1367 2965 1437 11,

664 1484 722 1539 p.
775 1462 927 1537 319)
967 1459 1122 1518 idem
1182 1459 1243 1519 in
1308 1458 1510 1537 lingua
1555 1459 1746 1519 latina
1790 1460 1954 1520 rudis
2002 1465 2178 1536 atque
2223 1459 2434 1537 hospes
2484 1479 2636 1518 esse
2692 1459 2811 1517 vix
2856 1476 2965 1534 po-

666 1551 800 1612 tuit.
864 1548 1039 1622 Quod
1071 1568 1201 1607 cum
1249 1549 1627 1608 manifestum
1674 1550 1768 1623 sit,
1811 1549 2030 1610 omitto
2072 1548 2237 1625 loqui
2282 1548 2356 1606 de
2401 1547 2475 1607 iis
2532 1544 2961 1607 confessionis

665 1639 861 1698 verbis
909 1639 990 1716 (p.
1025 1638 1200 1714 298),
1269 1658 1339 1695 ex
1401 1638 1616 1714 quibus
1678 1637 1988 1698 Ebrardus
2051 1640 2133 1718 (Ρ.
2176 1637 2304 1696 485
2352 1643 2474 1696 not.
2517 1639 2645 1715 16)
2712 1633 2961 1696 studuit

667 1728 915 1800 efficere,
963 1728 1158 1805 ipsum
1190 1725 1518 1787 Patricium
1551 1748 1677 1787 esse
1708 1730 2034 1789 confessum
2065 1749 2128 1787 se
2168 1727 2374 1786 rudem
2421 1747 2558 1786 esse
2612 1727 2688 1785 111
2740 1726 2953 1802 lingua

665 1817 868 1876 latina.
957 1817 1112 1878 Nam
1170 1815 1510 1877 obscuriora
1571 1838 1694 1877 esse
1753 1818 1859 1877 illa
1905 1818 2091 1877 verba
2150 1818 2200 1877 is
2253 1820 2380 1892 jam
2427 1816 2772 1894 cognovit,
2852 1810 2953 1890 qui

666 1905 882 1966 librum
931 1905 1415 1965 Ardmachanum
1462 1907 1839 1985 conscripsit,
1895 1928 2031 1966 nam
2077 1904 2431 1978 ,‚imertzae“,
2480 1905 2706 1983 inquit
2756 1899 2947 1976 „liber
3067 1896 3068 1899 ¹

667 1992 801 2056 Ῐιίο(6
835 1996 937 2073 (H.
972 1997 1089 2055 and
1120 1994 1208 2054 St.
1239 1995 1324 2069 II,
1360 1998 1418 2070 2,
1457 2018 1516 2074 Ρ.
1550 1997 1680 2054 298
1714 2002 1835 2056 not.
1871 1998 1998 2073 21).
2059 1996 2336 2055 Profecto
2382 1995 2710 2068 incertior,
2763 2011 2946 2070 quam
3067 1944 3068 2033 t

668 2093 760 2158 ut,
822 2085 963 2162 quid
1012 2085 1125 2145 sibi
1172 2085 1358 2145 velint
1403 2087 1588 2145 verba
1604 2130 1618 2159 ,
1682 2086 1953 2163 cognosci
1997 2085 2199 2163 possit.
2292 2083 2510 2167 ltaque
2563 2105 2690 2143 nec
2741 2099 2938 2142 sermo
3066 2038 3068 2147 A

667 2182 773 2234 aut
821 2176 1007 2250 stylus
1049 2174 1428 2234 confessionis
1474 2174 1744 2253 impedit,
1790 2175 2102 2251 quominus
2132 2174 2469 2234 Palladium
2502 2175 2782 2233 eundem
2816 2188 2941 2229 esse

667 2270 940 2341 putemus
988 2268 1165 2339 atquc
1211 2262 1556 2324 Patricium.

849 2353 1014 2426 Quae
1061 2372 1192 2411 cum
1237 2351 1326 2410 ita
1372 2352 1506 2426 sint,
1553 2351 1656 2412 vix
1685 2351 2004 2429 disceptari
2048 2357 2266 2431 potest,
2312 2357 2511 2411 utrum
2547 2350 2752 2425 Scoti,
2803 2367 2932 2408 cum

668 2441 953 2521 Prosperi
999 2441 1397 2501 narrationem
1445 2447 1863 2518 cognoscentes
1907 2440 2237 2501 Patricium
2292 2464 2327 2500 a
2373 2440 2735 2501 Coelestino
2802 2437 2929 2497 mis-

668 2552 797 2591 sum
843 2551 968 2590 esse
1014 2530 1337 2605 finxerunt,
1401 2553 1436 2590 a
1482 2532 1734 2591 veritate
1793 2530 2146 2590 deflexerint
2207 2551 2282 2590 an
2344 2531 2545 2609 potius
2612 2529 2803 2589 inscii
2861 2523 2922 2584 ad

670 2620 984 2680 veritatem
1032 2620 1307 2698 proprius
1355 2619 1711 2679 adduxerint
1755 2619 2005 2680 Patricii
2050 2620 2375 2679 historiam.

846 2709 1000 2770 Nam
1030 2714 1229 2768 utrum
1261 2708 1557 2787 Prospero
1589 2730 1665 2769 an
1700 2709 1962 2769 obscuris
1994 2708 2182 2787 ipsius
2209 2709 2462 2769 Patricii
2494 2710 2706 2768 verbis
2740 2707 2914 2781 major

674 2798 819 2857 fides
880 2797 1149 2858 habenda
1211 2799 1313 2872 sit,
1376 2798 1654 2858 dubitare
1715 2800 1874 2858 licet.
1964 2798 2255 2859 Attamen
2312 2805 2536 2858 certum
2597 2805 2697 2858 est
2745 2790 2920 2853 haud-

671 2908 967 2965 quaquam
1016 2887 1102 2946 ita
1152 2889 1393 2947 missum
1425 2908 1550 2948 esse
1583 2888 1912 2948 Patricium
1959 2893 2028 2946 ut
2071 2889 2500 2966 posterioribus
2545 2883 2917 2966 temporibus

673 2977 856 3054 legati
925 2977 1088 3037 missi
1156 2984 1296 3036 sunt
1371 2978 1447 3036 ab
1518 2978 1807 3056 episcopis
1874 2978 2162 3036 Romanis
2230 2978 2305 3037 ad
2372 2997 2660 3057 paganos.
2769 2971 2914 3031 Nam
3067 2992 3068 2995 ’

679 3066 934 3124 alienum
981 3070 1070 3124 est
1115 3066 1333 3125 saeculi
1380 3066 1576 3143 quinti
1621 3068 1797 3126 rebus
1843 3087 2032 3143 neque
2081 3067 2434 3128 confessioni
2479 3065 2738 3126 Patricii
2783 3075 2909 3119 con·
3063 3002 3069 3163 1

669 3154 849 3231 gruit.
940 3152 1124 3212 Haud
1183 3155 1303 3214 scio
1369 3175 1445 3213 an
1503 3156 1640 3215 inde
1701 3164 1834 3215 orta
1898 3156 1978 3214 sit
2037 3155 2322 3234 Prosperi
2380 3155 2649 3215 narratio
2666 3200 2681 3228 ,
2762 3144 2916 3227 quod

662 3242 985 3316 Patricius,
1034 3262 1165 3317 cum
1211 3243 1392 3303 variis
1441 3245 1674 3305 casibus
1714 3248 1976 3320 jactatus
2025 3265 2166 3304 casu
2203 3245 2455 3305 Romam
2500 3246 2777 3312 venisset,
2824 3233 2909 3294 ibi
3063 3202 3069 3303 1

674 3332 918 3392 consilio
966 3351 1071 3391 suo
1120 3331 1181 3391 in
1212 3333 1568 3393 Hiberniam
1613 3333 1938 3410 navigandi
1985 3354 2117 3392 cum
2146 3333 2433 3395 Romanis
2463 3335 2557 3393 vel
2607 3353 2741 3392 cum
2785 3328 2910 3405 ipso

666 3443 843 3501 papa,
892 3422 943 3480 si
990 3423 1203 3496 mavis,
1253 3425 1681 3483 communicato
1727 3423 1789 3481 in
1835 3423 2316 3501 presbyterorum
2363 3424 2458 3483 vel
2505 3422 2906 3501 episcoporum

669 3531 973 3570 numerum
1041 3518 1314 3590 receptus
1384 3519 1490 3572 est.
1619 3511 1709 3571 At
1778 3513 2131 3589 conjecturis
2198 3513 2462 3591 gaudere
2531 3532 2624 3570 me
2695 3507 2907 3570 taedet·

668 3600 833 3676 Ergo
879 3600 1022 3658 haec
1066 3601 1368 3661 hactenus.
1459 3602 1634 3660 Licet
1680 3602 1743 3659 in
1790 3602 1972 3661 dubio
2029 3602 2415 3679 relinquatur,
2474 3600 2617 3678 quid
2665 3601 2742 3658 de
2794 3595 2903 3656 sin-

668 3689 821 3766 gulis
869 3688 1151 3767 Prosperi
1198 3691 1394 3751 verbis
1435 3691 1819 3767 judicandum
1869 3691 1972 3763 sit,
2038 3691 2528 3750 verisimillimum
2574 3696 2774 3749 tamen
2820 3685 2903 3742 est

666 3778 1003 3839 Palladium
1020 3824 1034 3853 ‚
1097 3782 1169 3841 de
1216 3801 1333 3858 quo
1380 3781 1712 3858 Prosperus
1758 3780 2114 3839 mentionem
2159 3782 2326 3856 fecit,
2388 3781 2571 3840 alium
2618 3799 2737 3837 non
2784 3790 2901 3833 esse

666 4081 721 4132 p·
766 4063 887 4129 428,
933 4065 1050 4116 not.
1100 4061 1191 4129 17)
1239 4077 1385 4115 anno
1425 4060 1529 4114 432
1574 4058 1852 4114 Patricius
1907 4061 1967 4114 111
2012 4059 2346 4116 Hiberniam
2383 4061 2557 4115 venit.
2632 4060 2716 4113 At
2752 4053 2891 4111 dicat

668 4135 947 4204 quispiam
985 4133 1242 4201 Logairii
1281 4149 1453 4187 annos
1493 4136 1845 4200 computasse
1885 4133 2113 4187 annales
2153 4132 2518 4186 Ultonienses
2558 4135 2727 4202 (saec.
2755 4121 2888 4188 ΧΠ)

666 4224 782 4260 non
820 4207 938 4259 sine
977 4203 1175 4258 habita
1210 4201 1457 4256 Palladii
1494 4203 1760 4257 historiae
1798 4205 2036 4257 ratione.
2112 4204 2291 4272 Atqui
2338 4203 2438 4257 1110
2488 4202 2611 4256 fere
2649 4207 2889 4266 tempore

665 4277 995 4346 Logairium
1044 4291 1309 4345 regnasse
1365 4275 1715 4329 demonstrat
1763 4275 2067 4346 Oatalogus
2121 4274 2224 4329 SS.
2276 4274 2414 4327 Hib.
2472 4280 2603 4328 ante
2661 4269 2892 4327 medium

667 4350 950 4403 saeculum
1009 4354 1273 4401 octavum
1332 4347 1684 4414 conscriptus
1742 4363 1924 4415 neque
1983 4346 2229 4400 Palladii
2283 4346 2627 4400 mentionem
2694 4342 2891 4397 faciens

668 4418 768 4487 (H.
808 4420 920 4472 aud
960 4417 1042 4473 St.
1071 4417 1151 4484 II,
1179 4420 1228 4484 2,
1269 4436 1324 4487 p.
1354 4417 1502 4487 292).
