3134 5034
1430 345 1507 355 —
1610 310 1734 369 102
1830 313 1973 356 -”

546 494 669 569 jam
716 491 847 549 loco
892 473 1208 549 immutata
1255 487 1423 548 verbi
1469 486 1902 564 significatione
1934 486 2160 546 dictum
2206 486 2304 545 sit.
2365 486 2518 546 Nam
2565 485 2670 544 illa
2701 491 2801 546 est

548 581 740 640 altera
785 577 1223 658 explanationis
1268 576 1443 640 ratio.
1517 577 1697 636 Hanc
1739 575 1857 654 ipsi
1903 575 2224 653 scriptores
2268 574 2442 634 nobis
2485 575 2795 651 praebent,

546 689 684 729 nam
748 668 855 727 vit.
902 666 1229 743 Wandreg.
1291 687 1338 724 c.
1392 665 1503 739 14,
1562 666 1723 725 nab.
1769 663 1865 737 Π,
1926 685 1983 743 Ρ.
2033 664 2157 722 531
2224 662 2496 723 monachi
2556 662 2800 722 abbatis

546 757 718 818 filioli
772 755 1059 834 appellati
1117 762 1262 815 sunt
1305 755 1403 830 (cf.
1450 774 1632 831 supra
1677 775 1736 832 p.
1785 755 1912 829 69).
2006 750 2414 812 Consimiliter
2476 752 2795 812 immutata

549 853 641 906 est
686 845 856 905 verbi
900 843 1069 911 filioli
1115 842 1472 920 significatio
1517 842 1583 901 in
1627 863 1698 902 ea
1744 841 2101 913 narratione,
2149 860 2328 919 quam
2371 861 2443 898 ex
2487 841 2617 901 vita
2644 839 2794 899 Ber·

549 934 737 996 charii
782 934 859 1013 (c.
913 935 1020 1006 19,
1066 932 1225 991 Mab.
1272 931 1368 1004 H,
1414 951 1551 990 ann.
1602 929 1757 1002 685,
1815 952 1874 1009 p.
1921 930 2079 1006 842)
2134 930 2445 989 Ebrardus
2499 929 2591 1008 (p.
2639 930 2798 1005 218)

550 1023 896 1101 desumpsit.
985 1022 1211 1083 Narrat
1264 1020 1421 1079 enim
1466 1020 1595 1080 vita
1638 1019 2055 1091 Bercharium,
2120 1017 2473 1077 monachum
2519 1038 2594 1078 ex
2638 1037 2800 1078 anno

550 1113 673 1171 fere
722 1110 869 1185 650,
931 1111 1208 1171 abbatem
1269 1110 1655 1181 Dervensem,
1719 1128 1876 1167 anno
1939 1106 2067 1167 685
2128 1108 2509 1166 interfectum
2571 1126 2697 1166 esse
2759 1126 2797 1165 a

523 1200 737 1260 .filiolo
783 1220 907 1273 suo,
953 1217 1124 1282 quem
1168 1197 1243 1258 de
1286 1216 1454 1258 sacro
1497 1195 1673 1280 sonte
1724 1204 2055 1276 susceptum
2120 1192 2474 1258 monachum
2517 1213 2635 1255 esse
2678 1203 2799 1254 sta·

548 1297 755 1360 tuerat,
800 1298 871 1348 ut
900 1285 1102 1367 patri-s
1144 1284 1423 1367 sanquine
1464 1305 1680 1346 manus
1712 1283 2002 1367 propt-vhe
2044 1283 2388 1367 impudens
2392 1281 2552 1360 filius
2596 1303 2798 1344 macu-

552 1377 715 1440 laret.
806 1377 1087 1437 Profecto
1132 1375 1278 1434 haec
1323 1375 1566 1434 tandem
1612 1377 1801 1436 verba
1843 1375 2122 1435 videntur
2167 1394 2294 1433 esse
2340 1354 2581 1445 idonea,
2642 1392 2802 1449 quae

555 1467 963 1546 comprobent,
1009 1464 1189 1524 fuisse
1219 1464 1551 1537 monachos,
1601 1465 1707 1542 qui
1750 1483 1965 1523 uxores
2011 1462 2308 1521 duxerint.
2371 1461 2490 1521 Sed
2520 1462 2588 1533 si,
2636 1461 2804 1539 quod

551 1555 862 1614 Ebrardus
908 1553 1126 1625 omisit,
1171 1552 1406 1629 legeris,
1453 1573 1607 1630 quae
1668 1559 2025 1630 sequuntur,
2086 1551 2352 1610 invenies
2409 1549 2801 1612 Bercharium

554 1644 907 1703 morientem
967 1641 1186 1701 dixisse
1232 1641 1627 1700 interfectori:
1696 1641 1873 1701 deum
1929 1638 2061 1712 tibi,
2108 1638 2385 1720 frater,
2441 1635 2803 1721 placabilem

519 1729 682 1817 ,fieri
726 1730 971 1802 studete,
1020 1749 1161 1807 ergo
1208 1730 1527 1789 monachus
1572 1730 1674 1789 ille
1719 1730 1835 1790 nisi
1891 1730 2208 1788 immutata
2253 1730 2571 1788 verborum
2617 1728 2799 1805 signi·

550 1820 828 1880 ficatione
857 1818 1018 1878 filius
1050 1825 1110 1878 et
1139 1818 1357 1878 filiolus
1380 1818 1691 1877 Bercharii
1721 1820 2058 1897 appellatus
2088 1838 2207 1876 non
2239 1824 2331 1877 est
2355 1852 2441 1863 —-
2466 1817 2672 1876 eodem
2703 1817 2802 1876 vel

527 1909 734 1970 -simili
781 1907 978 1981 modo„
1019 1927 1138 1986 quo
1183 1907 1245 1966 in
1292 1907 1384 1981 iis,
1432 1927 1584 1984 quae
1630 1907 2015 1980 antecedunt,
2076 1906 2553 1966 sanctimoniales
2609 1906 2801 1964 eidem

552 1997 877 2058 Berchario
941 1998 1216 2057 subditae
1259 1992 1488 2080 filiolae
1546 1997 1929 2074 appellantur
1989 1997 2067 2054 ab
2130 2016 2218 2055 eo.
2310 1994 2432 2054 Sed
2489 1994 2807 2072 angustius

554 2088 753 2147 valere
799 2087 903 2146 illo
949 2087 1080 2145 loco
1125 2092 1275 2163 puto
1321 2105 1525 2144 vocem
1568 2084 1680 2143 filii
1724 2086 1820 2144 vel
1865 2084 2059 2155 filioli,
2121 2105 2261 2143 nam
2320 2083 2468 2148 illud
2512 2103 2684 2164 quem
2728 2081 2810 2143 de

553 2195 722 2235 sacro
752 2172 925 2257 fonte
967 2182 1299 2256 susceptum
1344 2180 1456 2233 etc.
1517 2173 1786 2240 ostendit
1837 2171 2083 2232 filiolum
2145 2173 2257 2232 hoc
2316 2173 2447 2231 loco
2506 2172 2804 2231 nominari

527 2283 713 2337 .eum,
760 2266 927 2338 cujus
981 2262 1283 2341 baptismo
1328 2261 1691 2321 Bercharius
1744 2281 1995 2339 sponsor
2048 2261 2420 2328 interfuerat.
2511 2261 2595 2320 Et
2649 2262 2806 2319 hanc

516 2352 717 2413 .vocis
783 2350 952 2409 filioli
1012 2349 1506 2427 significationem
1565 2350 1729 2428 apud
1787 2369 1989 2410 omnes
2048 2350 2229 2409 medii
2287 2350 2424 2410 aevi
2481 2350 2807 2429 scriptores
2848 2347 2861 2358 “

554 2459 861 2500 occurrere
907 2438 1166 2498 affirmat
1209 2438 1581 2516 Loeningius
1626 2438 1739 2515 (ΙΙ,
1786 2460 1844 2517 p.
1892 2440 2019 2497 427
2069 2446 2194 2499 not.
2242 2441 2326 2516 2).

732 2529 901 2588 Haec
961 2528 1035 2587 de
1093 2526 1355 2596 Ebrardi
1414 2527 1790 2594 testimoniis.
1883 2527 2085 2588 Certo
2122 2529 2350 2594 leviora
2393 2534 2558 2600 sunt,
2624 2501 2803 2604 quam

521 2665 526 2670 ,
563 2617 779 2694 quibus
825 2635 912 2689 ea,
961 2634 1112 2693 quae
1158 2635 1231 2673 ex
1276 2616 1464 2693 ipsius
1494 2615 1819 2676 Columbae
1867 2616 2104 2694 scriptis
2148 2617 2465 2676 didicimus
2511 2572 2611 2694 (cf.
2641 2633 2803 2694 supr.

559 2726 616 2783 p.
655 2706 808 2780 100)
839 2704 1164 2777 diluantur,
1195 2724 1338 2781 ergo
1382 2704 1674 2769 dubitari,
1697 2725 1815 2764 non
1861 2710 2078 2783 potest,
2125 2706 2269 2783 quin
2317 2704 2631 2765 Scotorum
2678 2724 2805 2764 me·

555 2794 735 2853 naohi
779 2793 1229 2873 peregrinantes
1274 2793 1643 2871 virginitatis
1686 2801 1830 2854 voto
1875 2794 2098 2854 fuerint
2141 2794 2434 2855 obstricti.

735 2882 964 2957 Quodsi
1008 2882 1168 2960 apud
1215 2881 1428 2942 Scotos
1472 2902 1676 2953 omnes
1723 2883 1923 2943 clerici
1976 2882 2183 2941 iidem·
2213 2882 2487 2942 monachi
2531 2883 2805 2955 fuissent,

544 2971 738 3040 etiam
795 2971 870 3032 de
925 2970 1274 3039 clericorum
1328 2971 1723 3046 matrimoniis
1785 2972 1931 3032 satis
1971 2974 2100 3047 jam
2138 2979 2302 3032 esset
2347 2971 2591 3032 dictum.
2678 2969 2804 3030 Sed

522 3059 738 3119 dubia
780 3059 926 3120 haec
971 3079 1067 3120 res
1112 3065 1207 3131 est
1251 3060 1351 3135 (cf.
1398 3078 1580 3138 supra
1626 3081 1684 3138 p.
1733 3062 1811 3119 61
1865 3067 1927 3119 et
1971 3061 2104 3137 82),
2150 3061 2295 3137 quin
2340 3061 2525 3120 etiam
2571 3066 2803 3122 certum

558 3153 651 3207 est
689 3166 1092 3223 ,nequaquam
1159 3167 1363 3208 omnes
1402 3148 1757 3218 ‚Hiberniae
1832 3148 2077 3209 clericos
2132 3148 2418 3225 *ejusdem
2485 3148 2805 3209 strictioris

520 3295 525 3300 ,
558 3235 969 3302 observantiae
997 3236 1336 3304 -monachos
1386 3237 1567 3297 fuisse
1622 3241 1802 3313 atque
1857 3238 2308 3315 peregrinantes
2355 3240 2564 3316 (supra
2609 3258 2667 3315 p.
2716 3238 2796 3303 61

537 3332 619 3385 'et
667 3326 793 3401 67).
884 3322 988 3390 An
1025 3325 1150 3385 illis
1195 3325 1450 3398 clericis,
1483 3324 1635 3385 sive
1680 3325 1956 3388 monachi
1999 3326 2234 3385 dicendi
2291 3334 2431 3387 sunt
2491 3326 2616 3386 sive
2679 3345 2803 3385 non

521 3412 818 3486 ,dicendi‚
863 3413 926 3472 in
972 3413 1370 3482 matrimoniis
1411 3414 1614 3474 vivere
1665 3413 1978 3474 licebat?
2003 3413 2107 3473 An
2160 3415 2300 3473 inde
2355 3415 2583 3478 dictum
2630 3422 2749 3474 est
2756 3435 2808 3480 :a

557 3500 848 3560 Columba
900 3498 988 3561 St.
1052 3498 1488 3582 Hieronymum
1532 3498 1778 3582 jusszbse
1839 3502 2140 3582 episcopos
2206 3501 2433 3563 imitari
2487 3500 2803 3586 apostoles,

522 3586 868 3654 >monachos
913 3609 1048 3650 vero
1093 3590 1356 3651 docuisse
1399 3588 1564 3673 sequi
1598 3599 1803 3672 patres
1834 3589 2276 3673 perfectoest-
2321 3587 2444 3653 alia
2488 3590 2643 3653 enim
2686 3610 2808 3652 esse

523 3684 611 3744 ,οὐ
657 3673 780 3736 alia
823 3675 1164 3739 cleriomum
1210 3688 1262 3740 et
1304 3675 1729 3741 nwnacliomm
1757 3678 2106 3740 documenta
2148 3688 2201 3739 et
2229 3678 2397 3762 lonye
2441 3679 2518 3740 ab
2560 3678 2807 3741 invicem

561 3773 839 3845 separata
898 3769 1017 3849 (ep.
1076 3770 1113 3825 2
1126 3811 1143 3842 ,
1181 3789 1257 3846 -.Ρ
1308 3769 1390 3826 26
1439 3768 1523 3844 D)
1536 3767 1565 3826 ?
1627 3768 2121 3847 Peropportunus
2180 3770 2333 3829 hanc
2396 3769 2806 3847 quaestionem

559 3854 688 3932 ipse
736 3853 1026 3915 Columba
1070 3856 1441 3932 dijudicavit.
1516 3856 1907 3934 Interrogans
1954 3857 2112 3918 enim
2159 3856 2517 3936 Gregorium
2563 3873 2805 3937 papam,

523 3962 700 4006 -uum
746 3951 1054 4022 oporteret
1106 3965 1349 4004 munere
1396 3965 1458 4004 se
1503 3945 1854 4006 abdicarent
1899 3946 1968 4019 ii,
2030 3946 2137 4022 qui
2186 3955 2324 4029 post
2366 3946 2430 4007 in
2491 3945 2809 4010 diaconatu

560 4094 725 4169 fratri
763 4115 1027 4169 Emmoni
1068 4117 1521 4170 commendatum
1561 4134 1709 4184 esse,
1751 4118 1842 4171 cui
1881 4122 2017 4172 tunc
2064 4119 2135 4172 de
2172 4119 2490 4187 hospitibus
2528 4094 2809 4172 institerit

543 4204 711 4251 cura,
752 4187 943 4255 ibique
988 4186 1154 4253 forte
1187 4187 1420 4242 absente
1457 4187 1734 4242 Emmone
1783 4189 1972 4244 subito
2012 4189 2131 4243 vita
2179 4190 2500 4244 decessisse.
2576 4189 2667 4244 Ex
2713 4189 2804 4243 his

560 4256 850 4311 Ebrardus
877 4257 1065 4325 coegit
1088 4258 1454 4326 Adelpffium,
1496 4277 1624 4314 cum
1651 4258 2026 4314 Luxoviensis
2055 4262 2385 4315 monasterii
2411 4261 2804 4330 discipulus

527 4385 534 4392 ‚
560 4326 742 4387 factus
759 4331 907 4381 esset
925 4344 992 4381 eo
1012 4332 1286 4397 tempore,
1302 4346 1413 4398 quo
1424 4329 1627 4385 Emmo
1653 4348 2020 4401 puerorum
2039 4331 2311 4400 magister
2331 4335 2455 4386 erat
2468 4335 2639 4402 (anno
2652 4331 2804 4400 666),

519 4435 538 4464 .,
559 4401 692 4451 ante
730 4415 939 4452 annum
980 4399 1085 4455 620
1120 4404 1315 4455 natum
1353 4418 1476 4456 esse
1514 4420 1630 4455 non
1666 4419 1830 4471 posse
1860 4402 1967 4472 (cf.
2007 4401 2247 4467 Ebrard,
2287 4421 2342 4471 p.
2382 4403 2531 4471 218).
