3134 5034
1214 320 1659 377 -41—

318 506 379 559 et
422 499 499 557 ad
544 496 769 556 insulas
814 496 996 556 maris
1041 496 1337 573 Tyrrheni
1390 497 1659 574 profecto
1720 497 1820 571 (cf.
1843 495 2170 570 Windisch,
2216 517 2270 575 p.
2310 498 2389 555 10
2422 499 2552 575 sq).

318 591 485 664 Quae
527 586 826 645 sententia
856 586 906 644 si
935 605 1079 644 vera
1111 591 1281 658 esset,
1329 585 1495 643 Fieci
1524 585 1776 661 hymnus
1807 584 2125 643 Tirechani
2154 590 2351 645 aetate
2381 587 2554 663 longe

316 677 609 737 vetustior
669 680 826 734 esset
883 674 1218 747 habendus,
1281 694 1474 751 neque
1535 673 1827 751 quomodo
1888 674 2123 732 fabulae
2184 675 2257 733 de
2302 674 2555 735 Patricii

317 767 532 825 itinere
588 763 860 822 Romano
918 767 1083 821 ortae
1145 769 1367 836 essent,
1429 762 1682 840 amplius
1742 762 2055 820 obscurum
2115 768 2272 821 esset
2330 797 2417 808 —
2479 763 2555 823 iis

316 854 622 925 videlicet,
692 852 792 927 qui
857 871 892 909 a
950 851 1147 910 verbis
1206 872 1323 909 non
1385 857 1544 909 recte
1602 851 1925 911 intellectis
1984 851 2223 926 fabulae
2282 852 2555 912 omnibus

317 942 659 1021 passeribus
706 946 880 999 notae
927 939 1214 1017 originem
1259 939 1453 1016 repeti
1495 960 1669 1017 posse
1712 945 1944 1017 putent.
2037 938 2156 999 Sed
2200 939 2339 999 licet
2384 940 2553 999 dubi-

320 1039 466 1104 tare,
515 1047 710 1089 annon
756 1028 1126 1105 grammatici
1169 1028 1258 1086 illi
1295 1063 1369 1072 —
1407 1036 1477 1088 ut
1522 1034 1753 1088 taceam
1799 1029 1872 1086 de
1903 1028 2275 1088 Bollandista
2313 1064 2387 1072 —-
2424 1049 2553 1088 ver·

317 1122 529 1180 borum
588 1121 907 1177 formarum
970 1123 1030 1177 et
1088 1123 1423 1197 structurae
1483 1117 1829 1192 diligentius
1885 1118 2176 1176 rationem
2221 1118 2554 1191 habuerint,

324 1229 500 1286 quam
561 1206 1032 1266 testimoniorum
1092 1206 1376 1265 historiae
1430 1206 1706 1284 inprimis
1760 1206 1902 1264 libri
1946 1205 2372 1265 Ardmachani.
2462 1206 2556 1267 Ne

320 1304 518 1356 autem
547 1295 673 1355 vice
719 1316 887 1354 versa
932 1294 1244 1354 historicos
1288 1295 1606 1354 verborum
1651 1296 1873 1353 formas
1903 1294 2228 1372 neglexisse
2260 1295 2555 1371 quispiam

318 1386 501 1457 dicat,
559 1385 842 1462 primum,
905 1404 1045 1442 num
1100 1384 1485 1461 grammatica
1542 1403 1638 1442 ars
1695 1383 1842 1442 certi
1897 1383 2125 1461 aliquid
2170 1384 2243 1441 de
2287 1384 2557 1443 versibus

321 1474 440 1532 illis
485 1473 820 1551 protulerit,
869 1492 1235 1550 quaeramus.
1310 1474 1447 1533 Non
1490 1473 1761 1550 protulit.
1837 1472 1992 1533 Nam
2037 1493 2155 1532 non
2200 1474 2389 1532 solum
2421 1472 2556 1531 Sto-

314 1562 529 1635 kesius,
577 1562 671 1620 vir
701 1561 1044 1621 Hibernicis
1090 1561 1306 1621 litteris
1353 1568 1594 1638 praeter
1638 1568 1865 1620 ceteros
1905 1562 2076 1620 docte
2107 1561 2390 1635 eruditus,
2435 1576 2557 1619 una

317 1672 450 1710 cum
495 1657 696 1710 vetere
743 1649 1018 1709 carminis
1065 1651 1426 1728 explicator-e
1474 1651 1572 1725 (cf.
1620 1649 1948 1722 Windisch,
1995 1650 2077 1708 Ir.
2111 1649 2301 1709 Texte
2346 1671 2402 1726 p.
2450 1650 2554 1725 19)

315 1741 378 1798 in
425 1740 603 1798 aliam
643 1739 998 1798 sententiam
1028 1739 1256 1816 accepit
1287 1739 1563 1798 carminis
1594 1759 1818 1810 versus,
1863 1745 1933 1798 ut
1962 1739 2096 1816 ipsi,
2146 1740 2347 1815 quales
2378 1759 2557 1816 supra

316 1835 554 1888 exstant
614 1828 878 1887 conversi
942 1828 1017 1885 ab
1077 1828 1207 1900 illo,
1268 1828 1703 1900 demonstrant,
1764 1826 1867 1887 sed
1912 1827 2091 1887 etiam
2136 1826 2557 1899 Windischius,

315 1916 590 1977 Stokesio
623 1916 831 1975 iisdem
863 1916 1076 1975 studiis
1108 1916 1361 1975 sociatus
1403 1922 1465 1975 et
1510 1915 1715 1974 eadem
1760 1916 1932 1974 laude
1978 1916 2304 1989 sociandus,
2352 1936 2555 1992 quam-

314 2007 406 2067 vis
451 2006 579 2083 ipse
622 2004 842 2064 Leonis
882 2004 1364 2083 interpretationi
1408 2006 1625 2077 faveat,
1672 2011 1872 2063 tamen
1918 2005 2165 2062 alteram
2209 2004 2373 2062 illam
2404 2024 2556 2062 com-

316 2095 480 2153 muni
526 2095 843 2154 verborum
889 2095 1040 2152 mori
1084 2113 1416 2171 repugnare
1448 2114 1521 2151 ne
1553 2113 1673 2151 uno
1707 2092 1945 2169 quidem
1975 2094 2158 2152 verbo
2191 2092 2407 2164 docuit,
2456 2093 2557 2151 sed

316 2185 463 2242 duas
509 2184 655 2243 alias
702 2182 908 2242 attulit
955 2202 1178 2255 causas,
1225 2203 1402 2241 unam
1432 2182 1889 2260 geographicam
1919 2182 2167 2240 alteram
2196 2181 2556 2253 historicam,

317 2294 496 2350 quae,
544 2272 655 2331 etsi
701 2272 850 2331 levis
896 2278 985 2331 est
1030 2278 1270 2344 neutra,
1332 2277 1526 2332 tamen
1573 2291 1697 2329 rem
1744 2270 2078 2347 disceptare
2124 2291 2245 2329 non
2288 2276 2555 2347 possunt.

495 2360 716 2421 Levius
774 2366 865 2419 est
921 2367 1336 2438 argumentum
1391 2360 1541 2419 illud
1602 2358 2090 2436 geographicum,
2161 2360 2319 2434 quod
2379 2358 2556 2417 mira-

317 2451 498 2509 bilius
546 2449 767 2508 dictum
816 2456 971 2509 esset
1015 2449 1259 2508 Latium
1305 2449 1693 2507 meridionale
1748 2469 1856 2526 pro
1910 2449 2057 2506 urbe
2102 2448 2311 2506 Roma.
2402 2448 2558 2509 Nam

322 2539 454 2616 quis
502 2538 655 2599 dixit
700 2539 848 2597 illud
878 2538 1122 2597 Latium
1167 2538 1553 2597 meridionale
1599 2536 2061 2614 intellegendum
2109 2556 2233 2596 esse
2263 2536 2556 2595 Romam?

319 2629 509 2686 Immo
557 2647 666 2705 pro
715 2626 933 2699 „Italia
980 2631 1146 2686 tota“
1193 2626 1416 2686 dictum
1463 2632 1571 2685 est.
1666 2626 1839 2700 Quod
1883 2626 2076 2703 ipsum
2123 2624 2558 2684 Windischium

319 2737 436 2775 non
489 2716 762 2793 fugisset,
833 2716 948 2775 nisi
1007 2717 1277 2793 neglecto
1341 2716 1495 2775 libro
1555 2713 1978 2773 Ardmachano
2042 2715 2298 2773 solarum
2359 2720 2554 2792 poste·

318 2807 538 2865 riorum
585 2806 843 2866 vitarum
889 2804 1159 2882 inprimis
1202 2805 1251 2864 J
1251 2805 1461 2863 ocelini
1505 2804 1798 2861 rationem
1843 2802 2163 2862 habuisset.

497 2893 756 2954 Gravius
812 2899 904 2952 est
958 2894 1211 2953 alterum
1263 2893 1414 2950 illud
1472 2891 1847 2964 historicum,
1918 2890 2078 2966 quod
2123 2911 2158 2948 a
2204 2891 2383 2949 nullis
2427 2890 2559 2950 aliis

318 2984 434 3043 nisi
493 2985 570 3041 ab
630 2983 728 3055 iis,
791 2983 894 3057 qui
937 2981 1104 3040 Fieci
1162 2981 1420 3041 carmine
1464 2980 1767 3052 nituntur,
1836 2985 2184 3039 narraretur
2228 2978 2558 3037 Patricium

319 3072 380 3131 in
441 3072 648 3131 insulis
719 3071 896 3129 maris
966 3069 1261 3147 Tyrrheni
1331 3069 1617 3129 Germani
1693 3068 2114 3128 consuetudine
2181 3089 2353 3128 usum
2413 3088 2558 3127 esse.

320 3161 547 3219 Tamen
592 3161 705 3219 hoc
751 3166 1163 3236 argumentum
1209 3159 1486 3217 idoneum
1532 3178 1653 3217 non
1700 3164 1818 3231 est,
1882 3158 2041 3235 quod
2085 3178 2210 3216 rem
2256 3157 2557 3233 dijudicet.

326 3250 484 3325 Quid
533 3249 728 3307 enim?
773 3249 823 3307 si
869 3254 1046 3326 poeta
1094 3248 1239 3306 duas
1285 3247 1675 3320 narrationes,
1722 3267 1898 3305 unam
1946 3246 2195 3305 similem
2242 3246 2559 3305 Tirechani

320 3339 620 3397 narrantis
665 3337 993 3397 Patricium
1039 3337 1102 3396 in
1146 3357 1266 3395 una
1312 3357 1397 3394 ex
1427 3336 1643 3398 insulis
1686 3336 1866 3394 maris
1915 3334 2210 3411 Tyrrheni
2258 3335 2341 3393 30
2373 3354 2558 3393 annos

319 3434 741 3487 commoratum
789 3447 913 3486 esse
961 3426 1241 3501 (Betham
1282 3425 1351 3483 II
1383 3445 1517 3503 app.
1564 3447 1624 3503 p.
1663 3423 1859 3500 XIX)
1905 3430 1966 3482 et
2012 3424 2259 3482 alteram
2307 3422 2557 3482 similem

320 3536 522 3574 eorum
567 3516 803 3588 fabulis,
853 3516 956 3592 qui
1001 3515 1332 3573 Patricium
1381 3515 1464 3572 30
1513 3533 1698 3572 annos
1744 3532 1876 3571 cum
1924 3510 2222 3570 Germano
2268 3512 2449 3570 fuisse
2495 3511 2559 3570 in

321 3604 521 3663 Gallia
568 3605 678 3679 (ita
724 3603 889 3681 Colg.
936 3603 1030 3676 H,
1094 3604 1165 3663 cf.
1213 3603 1470 3674 Schoell,
1535 3602 1779 3677 Herzog
1821 3601 1897 3659 R.
1943 3600 2015 3659 E.
2068 3600 2166 3672 ll,
2214 3621 2271 3677 p.
2321 3602 2446 3658 207
2498 3606 2560 3660 et

319 3695 569 3752 fortasse
622 3696 747 3768 jam
809 3692 1078 3751 Muirchu
1139 3695 1209 3751 cf.
1266 3691 1521 3750 Betham
1567 3691 1638 3748 II
1685 3710 1819 3767 app.
1866 3711 1924 3767 p.
1971 3688 2168 3749 XVII
2215 3710 2345 3748 cum
2392 3711 2449 3767 p.
2497 3689 2557 3766 I)

318 3783 606 3854 referunt,
668 3782 755 3840 ita
811 3780 1142 3856 conjunxit,
1207 3787 1277 3839 ut
1335 3779 1594 3838 medium
1642 3779 1924 3856 quiddam
1970 3785 2172 3837 tenere
2217 3777 2557 3838 videretur?

318 3871 534 3947 Itaque
580 3870 664 3928 nil
711 3871 936 3942 obstat,
982 3869 1295 3945 quominus
1341 3869 1473 3927 aliis
1520 3869 1712 3928 causis
1756 3868 1946 3943 iisque
1992 3867 2357 3944 gravissimis
2403 3886 2557 3925 com-

300 3959 466 4018 -moti
509 3958 867 4017 Windischii
920 3957 1474 4035 interpretationem
1519 3957 1875 4033 reJ'iciamus,

498 4049 662 4106 Luce
709 4047 864 4106 enim
912 4046 1124 4105 clarius
1173 4054 1263 4106 est
1306 4052 1574 4124 poetam,
1624 4066 1756 4104 cum
1804 4045 2030 4105 diceret
2074 4065 2168 4118 ea,
2236 4064 2386 4121 quae
2432 4042 2558 4119 ipse

319 4138 397 4196 de
437 4136 690 4195 Patricii
734 4136 1049 4196 itineribus
1095 4137 1487 4208 narravisset,
1535 4135 1741 4194 eadem
1787 4154 1941 4207 esse,
1992 4153 2143 4210 quae
2189 4133 2412 4210 scripta
2460 4132 2557 4190 de-

321 4227 621 4285 clararent
666 4224 809 4301 (vid.
857 4226 1091 4303 supra),
1161 4244 1512 4302 provocasse
1558 4223 1635 4281 ad
1682 4223 1885 4281 eadem
1931 4222 2062 4300 ipsa
2107 4221 2332 4299 scripta
2377 4227 2558 4298 atque

321 4314 717 4373 Tirechanum
761 4314 957 4374 verbis
1003 4312 1122 4372 illis
1167 4333 1348 4390 supra
1385 4317 1511 4388 jam
1558 4311 2028 4370 commemoratis
2072 4310 2257 4370 hisce:
2317 4307 2555 4390 nawya-

319 4401 398 4461 vit
491 4446 504 4460 .
538 4446 552 4461 .
589 4422 705 4485 per
752 4396 981 4463 Gallim
1025 4411 1195 4484 atque
1250 4397 1490 4460 Italiam
1544 4409 1729 4461 totam
1780 4408 1950 4481 atque
2002 4398 2065 4458 in
2118 4396 2350 4469 inedie,
2410 4418 2560 4479 quae
