3134 5034
1239 339 1354 356 ·—
1456 311 1577 367 103
1677 344 1752 353 -

393 484 749 548 adulterium
794 487 968 546 electi
1015 493 1210 546 essent
1242 486 1521 565 episcopi,
1568 486 1802 545 addidit
1844 485 2224 557 „absconsum
2267 496 2459 546 tamen
2505 486 2637 549 dico

395 596 528 636 cum
559 572 828 637 climelis
858 572 1233 647 adulterium,
1265 574 1424 656 quod
1453 575 1622 654 apud
1649 584 1877 635 nostros
1905 573 2218 656 mayistros
2247 595 2366 635 non
2395 574 2638 636 nahmi-9

392 673 650 725 censetur
678 662 1013 745 facinoris‘‚
1059 667 1177 742 (ep.
1228 664 1284 735 5,
1332 685 1389 742 p.
1425 666 1506 722 32
1542 663 1646 739 G).
1711 663 1979 723 Obscura
2023 666 2168 723 haec
2213 667 2413 724 verba.
2475 664 2637 739 Quid

395 755 510 813 sibi
555 754 688 813 vult
732 772 868 812 cum
912 751 1178 813 clientelis
1208 752 1396 811 illud?
1456 753 1548 814 Ne
1580 752 1806 812 diutius
1837 772 2133 812 moremur
2162 754 2224 812 iu
2271 753 2640 832 explicandis

396 843 489 903 his
537 842 735 902 verbis
782 877 869 886 —-
915 862 1052 899 nam
1107 841 1441 901 accuratius
1501 842 1837 900 examinata
1884 842 2015 921 ipsa
2075 842 2434 915 indicarent,
2484 862 2636 920 quae

404 938 559 991 esset
588 930 750 990 vocis
798 931 1105 989 clientelae
1153 929 1507 1007 significatio
1542 966 1626 976 —-
1660 932 1986 1004 audiamus,
2032 951 2183 1008 quae
2231 932 2453 1009 scripta
2498 937 2640 990 sunt

398 1019 460 1078 in
492 1019 833 1093 Columbae,
882 1020 985 1095 qui
1031 1019 1268 1091 dicitur,
1314 1018 1389 1077 de
1419 1020 1920 1097 poenitentiarum
1966 1039 2242 1078 mensura
2281 1019 2436 1079 libro
2469 1041 2516 1078 c.
2552 1020 2636 1077 20

396 1108 580 1184 (Bibl.
627 1126 779 1166 max.
833 1109 932 1181 12,
979 1129 1035 1186 p.
1070 1108 1174 1181 22,
1221 1108 1759 1180 Wasserschleben,
1808 1108 2314 1185 Bussordnungen
2360 1129 2417 1185 Ρ.
2453 1107 2635 1185 356):

396 1193 469 1256 Si
509 1194 639 1277 quie
682 1193 923 1255 clericus
966 1204 1069 1254 aut
1112 1194 1398 1256 diaconus
1441 1193 1530 1256 vel
1571 1192 1823 1276 alicujus
1864 1195 2108 1276 modu-3,
2154 1196 2259 1277 qui
2298 1193 2484 1256 laicus
2504 1194 2640 1280 fuit

394 1284 455 1344 in
499 1283 729 1345 saeculo
773 1304 907 1343 cum
929 1281 1081 1367 filiis
1126 1293 1179 1344 et
1218 1280 1495 1368 filwbus,
1545 1293 1688 1364 poet
1745 1283 2169 1344 conversionem
2212 1305 2385 1345 suam
2427 1285 2640 1346 iterum

340 1435 348 1444 „
394 1392 566 1433 suam
607 1371 935 1453 coynoverit
978 1369 1298 1433 clientelam
1342 1381 1395 1432 et
1415 1371 1624 1456 filium
1651 1372 1861 1433 itm
1890 1372 1965 1433 de
1993 1392 2074 1432 ea
2088 1372 2363 1454 ymnum-it,
2407 1372 2551 1434 sciat
2579 1391 2641 1434 se

395 1459 750 1522 adultmum
786 1469 1155 1543 perpetrasse
1198 1470 1253 1523 et
1292 1481 1413 1521 non
1463 1460 1658 1521 minus
1695 1480 1951 1541 pecasse,
1998 1481 2179 1543 quam
2229 1461 2282 1522 si
2325 1461 2400 1522 ab
2416 1459 2636 1564 'juven-

395 1558 511 1609 tute
555 1570 664 1609 sua
709 1547 947 1611 chria-us
975 1548 1192 1631 fiaisset
1236 1559 1288 1610 et
1331 1571 1465 1610 cum
1500 1547 1708 1633 puella
1736 1547 1933 1611 aliena
1962 1555 2280 1631 peccasset,
2325 1550 2466 1633 quia
2497 1558 2640 1630 post

397 1647 594 1698 votum
638 1658 814 1698 suum
852 1637 1131 1717 peccamt‘,
1174 1647 1488 1721 postquam
1532 1659 1593 1699 se
1635 1638 1877 1700 domino
1921 1638 2272 1701 comem-avit
2333 1649 2385 1699 et
2443 1648 2641 1699 votum

398 1748 570 1788 suum
616 1726 854 1787 invitum
883 1725 1054 1808 fecit
1066 1762 1141 1772 —
1180 1735 1239 1788 et
1286 1728 1503 1787 similia
1549 1729 1610 1787 in
1642 1728 2068 1788 Poenitentiali
2101 1728 2418 1802 Vinniani,
2465 1748 2641 1805 quem

398 1815 1015 1876 Wasserschlebenius
1062 1817 1313 1875 eundem
1370 1819 1552 1877 fuisse
1609 1818 1850 1897 putavit
1908 1823 2093 1894 atque
2137 1817 2458 1877 Finianum
2508 1817 2639 1877 Clo·

398 1905 750 1964 nardensem
798 1905 1210 1981 (Wasserschl.
1256 1905 1781 1983 Bussordnungen,
1828 1926 1886 1983 Ρ.
1925 1907 2005 1963 10
2039 1914 2101 1964 et
2152 1908 2181 1964 1
2197 1907 2307 1979 143
2357 1908 2430 1964 cf.
2460 1925 2642 1985 supra

394 2016 450 2072 p.
500 1994 638 2069 55):
683 1991 2121 2075 eiquisfnoevitclcdcusautalicujusyradus
2182 1992 2642 2055 etlaicusante

283 2079 2644 2166 ὀαηιῇἰίἰεθεῄᾶαόωειάεοίευωιιείἰασααρνορήαῆαόίιειεινθάεαι

396 2171 480 2231 ad
524 2168 759 2231 carnale
818 2169 1172 2230 dedda-ium
1225 2179 1276 2230 et
1324 2171 1587 2252 yenuen'c
1623 2170 1828 2255 filium
1881 2190 1955 2230 ex
1997 2168 2350 2241 cleventella,
2395 2170 2539 2232 seht
2582 2190 2644 2231 ce

395 2259 573 2320 ruina
617 2258 886 2320 mxima
930 2257 1198 2320 cecidisse
1225 2279 1345 2320 non
1373 2259 1573 2320 minus
1608 2269 1917 2370 peccatum
1960 2257 2082 2341 ejus
2125 2269 2191 2319 ut
2234 2269 2375 2321 esset
2403 2257 2644 2320 cleo-was

400 2367 471 2408 ex
502 2344 799 2429 juventute
842 2354 954 2407 etc.

584 2436 797 2497 Nonne
843 2436 989 2496 haec
1035 2439 1233 2511 verba,
1280 2438 1343 2496 in
1392 2438 1610 2516 quibus
1655 2446 1895 2517 praeter
1941 2437 2265 2496 Columbae
2310 2438 2461 2495 illud
2507 2419 2645 2509 solis

400 2526 706 2585 invenitur
749 2546 868 2585 vox
913 2527 1230 2586 clientelae
1269 2528 1369 2603 (cf.
1399 2528 1500 2586 Du
1533 2525 1737 2604 Gange
1783 2528 1911 2587 sub.
1958 2547 2083 2586 voc.
2114 2527 2465 2603 clientelae),
2496 2526 2645 2606 illud

406 2614 732 2674 Columbae
778 2614 865 2672 ita
910 2615 1404 2692 interpretantur,
1466 2624 1537 2674 ut
1581 2622 1872 2695 appareat
1915 2636 2120 2675 vocem
2160 2616 2477 2675 clientelae
2522 2614 2643 2674 vim

404 2703 625 2763 habere
656 2702 900 2762 uxoris?
946 2705 1226 2763 Profecto
1257 2711 1365 2764 aut
1394 2704 1718 2764 Columbae
1750 2711 1894 2763 nota
1923 2712 2108 2764 erant
2125 2704 2416 2763 Vinniani
2445 2705 2644 2798 verba,

404 2798 511 2852 aut
555 2791 684 2870 ipse
730 2791 970 2869 scripsit
1015 2793 1209 2851 locum
1239 2791 1424 2850 illum
1469 2793 1611 2851 libri
1665 2793 1739 2852 de
1792 2793 2296 2870 poenitentiarum
2351 2793 2646 2865 mensura,

365 2920 370 2926 -
410 2886 516 2940 aut
566 2886 886 2956 utrumque
940 2881 1367 2959 poenitentiale
1421 2881 1641 2940 nititur
1692 2881 1754 2940 in
1821 2881 1926 2940 illa
1994 2881 2318 2940 Columbae
2371 2880 2645 2959 epistula.

370 3011 376 3018 -
404 2970 574 3044 Quae
619 2988 715 3027 res
762 2969 1055 3045 quomodo
1093 2990 1156 3029 se
1193 2969 1429 3042 habeat,
1467 2976 1676 3029 nostra
1712 2989 1832 3028 non
1867 2970 2103 3029 refert.¹
2165 2969 2338 3043 Nam,-
2378 2967 2645 3030 simulat-

548 3199 569 3229 ¹
608 3194 807 3265 Neque
846 3193 1120 3248 Vinniani
1157 3194 1307 3248 libro
1345 3211 1529 3265 neque
1572 3170 1897 3260 Columbae,
1941 3197 2037 3265 qui
2077 3196 2302 3270 dicitur,
2344 3196 2414 3248 de
2451 3191 2644 3264 poeni-

401 3266 709 3322 tentiarum
753 3283 1015 3320 mensura
1052 3266 1200 3319 libro
1239 3266 1379 3319 mihi
1416 3266 1592 3320 licere
1631 3267 1716 3320 uti
1743 3267 2028 3332 constitui,
2070 3261 2200 3336 quia
2226 3237 2463 3334 ut’erque
2497 3263 2647 3320 liber

387 3369 470 3378 ’-
511 3337 764 3407 quamvis
802 3337 1088 3391 levissima
1124 3336 1262 3401 sint,
1315 3353 1459 3407 quae
1497 3336 1786 3392 Ebrardus
1826 3341 1908 3407 (p.
1952 3308 2055 3392 15'4
2093 3343 2152 3391 et
2187 3335 2542 3392 zeitschrift
2555 3336 2649 3394 fiir

397 3410 535 3464 hist.
577 3408 776 3463 Theol.
821 3408 976 3474 1875,
1014 3425 1068 3477 Ρ.
1110 3408 1241 3476 503)
1280 3408 1550 3462 disseruit
1587 3407 1658 3462 de
1697 3379 2008 3462 Columbae
2047 3409 2211 3472 libro,
2264 3408 2341 3462 de
2374 3424 2485 3477 quo
2525 3407 2644 3462 solo

375 3480 752 3550 „mentionem
789 3479 932 3533 fecit
957 3510 1024 3519 —
1051 3479 1327 3534 incertior
1362 3479 1503 3531 mihi
1540 3479 1786 3543 videtur,
1828 3496 1997 3549 quam
2035 3496 2144 3550 quo
2172 3482 2411 3546 utamur.
2476 3477 2646 3534 Certe

402 3550 681 3605 Vinniani
707 3548 1128 3603 Poenitentiale
1155 3567 1187 3603 a
1222 3548 1460 3604 Piniano
1496 3549 1868 3604 Clonardensi
1895 3542 2280 3619 conscriptum
2303 3566 2418 3616 non
2446 3552 2546 3614 est,
2575 3579 2644 3589 —-

372 3620 737 3747 'fflffi
745 3620 1113 3756 ”33113333333
1153 3619 2330 3761 ῗξᾶοὲνῖἒέἓέἷιῗᾞμῗηῗῖΒῖἔίῗὸἕιιέοέῃ
2345 3589 2647 3745 ‘flssfflss

373 3811 376 3816 .
401 3763 642 3819 australi
670 3762 1019 3829 conscriptos
1049 3777 1169 3816 esse
1189 3766 1329 3831 puto
1352 3762 1448 3831 (cf.
1472 3780 1644 3830 supra
1671 3780 1727 3832 p.
1755 3763 1823 3818 39
1844 3781 1926 3833 sq.
1956 3768 2015 3817 et
2041 3763 2313 3817 Cumeani
2338 3779 2425 3830 ep.
2456 3761 2642 3816 Usser.

371 3833 779 3961 {¹332ssssss
814 3833 1482 3972 3333'1031122331203331333’
1495 3833 2645 3970 2333.{133333113333311333323‘3313313-‘3

397 3977 476 4030 Ιιι
524 3976 854 4031 Columbae
878 3991 1038 4039 ver0,
1101 3975 1197 4044 qui
1247 3974 1483 4040 dicitur,
1538 3975 1611 4029 de
1658 3977 2138 4045 poenitentiorum
2187 3979 2450 4028 mensura
2497 3974 2646 4027 libro

404 4048 582 4115 ipsius
632 4045 940 4101 Columbae
990 4049 1050 4100 et
1095 4046 1337 4100 aliorum
1397 4047 1711 4101 sententias
1769 4048 2102 4117 compilatas
2158 4062 2279 4100 esse
2327 4045 2645 4128 Schpellius

404 4117 665 4187 profecto
701 4134 817 4172 non
853 4121 1069 4171 temere
1106 4118 1420 4185 suspicatus
1468 4120 1556 4171 est
1594 4120 1674 4186 (p.
1715 4119 1828 4188 60),
1869 4135 2046 4189 eaque
2095 4118 2165 4173 de
2204 4133 2370 4171 causa
2407 4117 2475 4170 iis
2512 4132 2644 4170 con·

404 4190 670 4253 sentiam,
721 4190 819 4258 qui
864 4188 1028 4241 illum
1072 4187 1282 4241 librum
1328 4189 1540 4242 saeculi
1596 4190 1824 4257 septimi
1874 4189 2222 4259 temporibus
2270 4188 2540 4242 Bobiensi
2586 4187 2646 4240 in

403 4259 748 4315 monasterio
787 4260 1162 4328 compositum
1188 4275 1308 4313 esse
1345 4262 1660 4314 senserunt.
1714 4259 1833 4314 Sed
1869 4261 1918 4314 si
1954 4278 2098 4330 quae
2134 4260 2309 4330 ipsius
2337 4258 2647 4313 Columbae

404 4332 724 4394 sententiae
762 4331 823 4384 in
860 4331 1008 4386 libro
1045 4331 1146 4383 illo
1186 4330 1549 4385 continentur
1586 4360 1653 4371 —
1682 4332 1836 4400 quod
1870 4332 2096 4386 omnino
2136 4331 2371 4385 dubium
2405 4346 2519 4383 non
2559 4332 2649 4383 est

403 4432 474 4443 —
512 4406 667 4457 certe
717 4402 877 4471 origo
924 4402 1154 4455 illorum
1200 4401 1504 4455 verborum
1550 4401 1624 4455 de
1681 4402 1963 4457 adulterio
2016 4403 2354 4463 clericorum
2401 4401 2471 4456 ab
2521 4401 2648 4469 ipso
