3134 5034
1505 296 1952 353 ,„..40—

610 476 799 534 multa
828 481 973 534 tunc
1001 474 1268 534 Patricio
1298 475 1503 533 afficta
1532 494 1664 532 esse
1695 474 2056 551 comprobet.
2115 472 2382 532 Exstant
2411 474 2568 532 enim
2598 474 2856 532 duarum

609 564 969 640 synodorum
1015 570 1245 623 statuta
1290 563 1433 622 Scto
1476 563 1745 622 Patricio
1787 562 2054 640 ascripta
2097 563 2162 620 in
2205 563 2352 640 ipsis
2397 562 2696 621 codicibus
2742 564 2856 638 (H.

609 653 730 712 and
772 652 863 711 St.
908 651 1005 725 Π,
1063 654 1101 710 2
1148 674 1207 731 Ρ.
1256 653 1385 710 328
1431 655 1606 728 sqq.).
1699 652 1868 726 Quae
1927 651 2042 710 etsi
2099 652 2164 708 in
2218 652 2516 709 Hibernia
2572 651 2857 710 videntur

609 762 737 800 cese
781 742 1141 819 conscripta,
1198 746 1400 799 tamen
1450 761 1764 819 perperam
1809 740 2077 798 Patricio
2121 740 2374 798 attribui
2412 743 2540 815 jam
2582 741 2686 798 diu
2731 761 2854 798 non

609 831 951 902 defuerunt,
1014 830 1120 907 qui
1178 829 1620 888 contenderent.
1709 829 1910 886 Hodie
1972 828 2450 888 dubitationibus
2507 830 2671 887 locus
2730 850 2850 888 non

608 918 983 996 relinquitur.
1059 917 1331 978 Oanones
1375 918 1532 977 enim
1578 917 1898 977 Hibernici
1912 962 1926 989 ,
1989 938 2330 996 quanquam
2373 917 2592 994 prioris
2639 919 2852 993 synodi

609 1014 837 1067 statuta
866 1007 1182 1065 maximam
1210 1007 1277 1065 in
1304 1014 1539 1085 partem
1560 1006 1828 1066 Patricio
1858 1007 2198 1065 attribuunt
2230 1009 2305 1081 (e.
2328 1028 2386 1083 g.
2409 1007 2514 1064 lib.
2536 1006 2849 1079 XXXIV,

612 1099 649 1154 6
700 1124 785 1146 =
825 1095 1209 1155 Wasserschl.
1264 1095 1349 1154 Ir.
1395 1096 1542 1154 Can.
1597 1118 1657 1173 p.
1708 1095 1834 1153 145
1883 1124 1968 1146 =
2014 1116 2142 1171 syn.
2186 1096 2358 1155 Patr.
2401 1095 2455 1168 I,
2515 1096 2557 1152 8
2603 1096 2686 1154 Η.
2730 1095 2850 1154 and

609 1184 701 1243 St.
728 1184 816 1257 ΙΙ,
865 1185 904 1241 2
949 1205 1009 1261 Ρ.
1044 1185 1198 1261 328)
1243 1191 1443 1244 tamen
1490 1205 1624 1242 cum
1670 1185 1888 1261 prioris
1931 1205 2134 1257 rmum,
2179 1185 2297 1243 nisi
2339 1185 2516 1261 plura
2561 1206 2655 1242 me
2683 1186 2849 1260 fuge-

608 1279 753 1332 runt
811 1273 1159 1348 (XXXHL
1222 1276 1253 1330 l
1303 1294 1362 1351 p.
1415 1273 1540 1330 140
1589 1302 1674 1323 =
1720 1294 1847 1348 syn.
1891 1274 1961 1331 P.
2007 1274 2059 1346 Ι,
2105 1296 2164 1351 Ρ.
2212 1274 2368 1349 329)
2412 1280 2543 1332 tum
2602 1273 2852 1332 alterius

608 1362 806 1420 omnia
844 1367 1091 1433 statuta,
1138 1369 1387 1440 excepto
1414 1383 1533 1420 uno
1567 1361 1904 1437 (XXXVI,
1937 1363 1978 1419 8
2009 1384 2069 1439 p.
2106 1362 2232 1420 153
2266 1391 2351 1412 =-
2382 1384 2508 1438 syn.
2539 1361 2610 1419 P.
2641 1362 2730 1434 H,
2763 1363 2849 1419 30

606 1471 665 1528 Ρ.
700 1451 872 1526 338),
920 1452 1080 1528 quod
1123 1450 1417 1531 „synodus
1456 1449 1647 1510 dizffl‘
1675 1451 2030 1529 inscriptum
2059 1458 2166 1523 est,
2211 1450 2474 1530 ,ssffiwdo
2503 1447 2854 1509 Romaest

608 1539 915 1599 ascribunt
957 1541 1033 1615 (3.
1078 1560 1136 1616 g.
1182 1539 1271 1612 Π,
1319 1541 1403 1598 23
1450 1562 1508 1618 p.
1541 1541 1626 1597 22
1661 1568 1745 1589 =
1777 1560 1903 1614 syn.
1948 1539 2020 1597 P.
2051 1538 2140 1611 H,
2189 1541 2247 1611 2,
2292 1560 2352 1617 Ρ.
2387 1541 2515 1598 333
2563 1546 2625 1598 et
2670 1539 2854 1598 simili

608 1648 729 1687 non
775 1628 980 1686 eadem
1034 1627 1267 1686 ratione
1311 1628 1466 1701 ΧΠ,
1518 1627 1598 1686 15
1644 1648 1702 1704 Ρ.
1751 1628 1838 1686 44
1884 1655 1969 1677 =
2014 1648 2142 1703 syn.
2186 1627 2257 1686 P.
2303 1628 2390 1700 11,
2443 1629 2523 1687 14
2568 1650 2626 1705 Ρ.
2676 1629 2852 1704 335).

786 1716 1005 1792 Itaque
1052 1736 1169 1792 quo
1214 1716 1457 1775 meliore
1496 1720 1632 1791 jure
1665 1716 1961 1794 quispiam
1992 1717 2313 1776 contendat
2339 1717 2478 1776 ficta
2509 1737 2636 1775 esse
2668 1717 2852 1775 etiam

609 1825 697 1877 33,
744 1824 897 1882 quae
928 1804 1246 1863 Tirechani
1290 1805 1663 1882 temporibus
1710 1804 1783 1861 de
1824 1805 2140 1864 itineribus
2167 1806 2423 1865 Patricii
2452 1827 2562 1882 per
2590 1804 2852 1864 Galliam

608 1901 789 1970 atque
819 1892 1061 1952 Italiam
1105 1899 1297 1953 totam
1343 1894 1529 1970 ipsius
1576 1892 2142 1952 circumferebantur
2180 1895 2358 1967 dicta,
2397 1906 2474 1953 ‘eo
2505 1895 2853 1971 diligentius

608 1982 1006 2060 quaerendum
1075 1983 1250 2041 nobis
1308 1990 1427 2053 est,
1497 2002 1790 2059 quaenam
1850 1983 2041 2041 altera
2097 1985 2316 2042 saeculi
2373 1983 2614 2061 septimi
2673 1990 2849 2062 parte

606 2072 810 2149 priora
856 2077 1097 2131 exstent
1139 2070 1215 2129 de
1258 2071 1523 2129 Patricio
1568 2070 1930 2129 testimonia.

783 2160 901 2219 His
962 2180 1102 2217 num
1162 2159 1641 2218 adnumerandus
1701 2159 1783 2218 sit
1826 2159 1994 2218 Fieci
2053 2161 2158 2237 qui
2212 2160 2432 2219 dicitur
2475 2161 2729 2236 hymnus
2773 2160 2856 2218 de

608 2248 749 2308 Scto
779 2248 1044 2308 Patricio
1090 2250 1188 2324 (cf.
1221 2269 1399 2326 supra
1429 2270 1487 2326 p.
1522 2249 1624 2320 32,
1658 2248 1724 2323 3)
1770 2253 1833 2306 et
1878 2249 2024 2325 quid
2068 2271 2142 2308 33
2184 2249 2289 2308 1110
2330 2249 2720 2307 hauriendum
2751 2249 2847 2321 sit,

605 2337 752 2397 haec
796 2338 990 2415 prima
1034 2337 1271 2396 exsistit
1327 2336 1623 2414 quaestio,
1686 2356 1872 2414 eaque
1917 2338 2286 2414 gravissima.
2376 2338 2646 2396 Fuerunt
2692 2338 2848 2396 enim

608 2432 670 2485 et
713 2433 855 2486 sunt
898 2426 1185 2499 nonnulli,
1232 2426 1337 2504 qui
1379 2426 1493 2483 1103
1538 2425 1796 2483 carmine
1841 2432 2032 2485 totam
2077 2427 2151 2485 de
2181 2426 2436 2486 Patricii
2479 2427 2694 2485 itinere
2724 2427 2846 2484 Ro-

607 2536 782 2576 mano
830 2515 1236 2593 quaestionem
1280 2514 1433 2574 solvi
1474 2520 1658 2592 atque
1689 2515 2000 2593 explanari
2027 2536 2200 2594 posse
2231 2523 2463 2593 putent,
2510 2537 2579 2574 ac
2610 2515 2847 2593 quidem

606 2604 699 2663 1113
746 2604 1021 2663 carminis
1065 2604 1294 2663 verbis.

697 2689 797 2754 He
828 2692 946 2769 (St.
969 2693 1297 2768 Patricius)
1327 2700 1475 2752 went
1503 2712 1701 2752 across
1730 2689 1814 2751 aa
1839 2689 1932 2751 the
1961 2688 2117 2773 Alps
2148 2690 2628 2772 (11111.Εᾶ13)
2669 2687 2851 2753 Great

1486 2776 1661 2841 God!
1697 2780 1742 2840 it
1786 2802 1910 2841 was
1953 2801 1992 2839 a
2035 2779 2259 2841 marvel
2302 2781 2375 2863 qs
2407 2803 2446 2840 a
2477 2779 2767 2864 journey!

698 2867 848 2930 until
889 2868 959 2931 he
1002 2869 1159 2931 ataid
1202 2867 1341 2929 with
1373 2864 1638 2931 German
1680 2869 1744 2929 in
1787 2867 1879 2931 the
1922 2868 2109 2942 south,
2155 2870 2218 2930 in
2262 2868 2354 2929 the
2396 2869 2564 2930 south
2595 2879 2743 2951 part
2787 2869 2863 2952 of

1461 2954 1712 3018 Latium
1757 2960 1913 3036 (hibz
1959 2956 2199 3038 Letha).

699 3045 781 3107 In
833 3044 924 3106 the
975 3045 1109 3109 isles
1155 3046 1229 3129 qf
1270 3045 1362 3108 the
1414 3045 1712 3127 Tywherae
1754 3067 1853 3107 sea
1897 3049 2052 3124 (bibz
2098 3067 2273 3106 mara
2325 3045 2605 3125 Tem-ian)
2649 3046 2718 3109 hc
2759 3067 2847 3107 re·

1458 3136 1717 3208 nmined,
1763 3134 1979 3196 therein
2022 3134 2092 3197 he
2136 3135 2478 3196 meditated:
2717 3130 2722 3134 ’

700 3222 770 3284 he
823 3225 970 3285 read
1015 3245 1200 3285 canon
1243 3223 1381 3285 with
1431 3221 1745 3287 Germain:
1797 3225 1844 3284 it
1884 3224 1936 3284 is
1980 3223 2091 3284 this
2136 3222 2258 3285 that
2301 3224 2563 3306 wn‘tinys
2608 3222 2851 3285 declara

788 3314 1076 3373 Nonnulli
1121 3316 1302 3388 enim,
1348 3315 1727 3373 Bollandista
1773 3315 1974 3390 (Mart.
2010 3317 2110 3387 17,
2154 3335 2214 3391 p.
2250 3315 2422 3390 528),
2467 3316 2595 3373 Leo
2642 3311 2846 3395 (Com-

609 3400 885 3461 mentatio
913 3401 987 3462 de
1008 3401 1265 3462 carmine
1284 3412 1501 3463 vetusto
1523 3400 1843 3463 Hibernico
1867 3409 1978 3460 etc.
2010 3403 2184 3462 Halis
2214 3404 2402 3476 1845,
2435 3403 2850 3475 cf.Windisch,

612 3488 836 3550 Irisdze
890 3489 950 3550 T
941 3499 1065 3552 exte
1076 3535 1094 3562 ,
1149 3513 1207 3569 p.
1261 3493 1393 3569 10),
1449 3492 1855 3550 Windischius
1902 3491 2009 3565 (Ir.
2058 3491 2274 3564 Texte,
2330 3515 2388 3570 Ρ,
2443 3493 2549 3569 19)
2605 3494 2850 3552 verbum

611 3575 778 3659 Εῲα
820 3578 1146 3639 Albaniam
1192 3602 1311 3641 non
1350 3579 1558 3658 Alpes,
1605 3579 1853 3638 verbum
1882 3575 2076 3639 Letha
2105 3580 2421 3640 Letaviam
2466 3582 2503 3639 i.
2551 3603 2599 3640 e.
2631 3579 2848 3639 Armo-

610 3668 792 3726 ricam
838 3670 934 3727 vel
963 3670 1203 3728 omnino
1234 3669 1493 3728 Galliam
1534 3668 2056 3746 septentrionalem
2086 3669 2442 3746 intellegunt
2472 3675 2533 3728 et
2562 3671 2623 3728 in
2656 3671 2849 3728 medio

610 3757 839 3832 relicte,
886 3758 1032 3834 quid
1077 3759 1192 3818 sibi
1238 3758 1428 3817 velint
1472 3757 1701 3815 insulae
1747 3758 1926 3816 maris
1982 3755 2042 3816 T
2034 3756 2255 3828 oman,
2305 3758 2604 3819 affirmant
2648 3759 2713 3816 in
2757 3759 2849 3817 his

611 3846 879 3905 versibus
934 3847 1021 3904 nil
1076 3848 1266 3906 inesse
1312 3852 1619 3905 narratum
1664 3846 1781 3904 11131
1825 3847 2155 3906 Patricium
2200 3847 2486 3906 servitute
2531 3848 2846 3908 liberatum

612 3956 685 3994 33
728 3935 1024 3995 Hibernia
1081 3936 1339 4013 primum
1397 3935 1462 3992 in
1506 3932 1860 4009 Albaniam,
1921 3935 2131 3994 deinde
2191 3936 2256 3993 in
2303 3934 2563 3995 Galliam
2617 3937 2848 3996 venisse

612 4024 814 4100 ibique
860 4022 1269 4082 Autissiodori
1325 4023 1390 4081 in
1449 4023 1600 4081 urbe
1658 4045 1779 4082 una
1841 4044 1972 4082 cum
2020 4022 2318 4084 Germano
2364 4025 2598 4087 vixisse.
2688 4025 2849 4098 Quin

614 4113 795 4172 etiam
839 4113 1212 4189 ignorantiae
1256 4112 1382 4170 Leo
1431 4112 2237 4190 3331133111.»,110313110133ιι
2285 4114 2387 4190 qui
2432 4135 2646 4173 nomen
2684 4134 2847 4171 mon-

611 4206 889 4261 tanarum
921 4200 1154 4260 Scotiae
1199 4200 1508 4276 regionum
1556 4207 1617 4260 et
1647 4202 1906 4261 civitatis
1936 4200 2477 4261 Autissiodorensis
2506 4224 2627 4261 non
2659 4203 2848 4261 solum

611 4310 732 4350 non
792 4289 1247 4362 intellexissent,
1308 4289 1411 4348 sed
1471 4290 1547 4348 ad
1607 4290 1753 4348 haec
1812 4292 2050 4350 nomina
2108 4291 2561 4375 interpretanda
2615 4291 2849 4349 fabulas

612 4378 868 4438 maxime
901 4398 937 4436 a
967 4397 1110 4437 vero
1140 4378 1486 4439 aberrantes
1517 4379 1826 4438 finxissent
1856 4379 1929 4438 de
1960 4379 2222 4438 Patricio
2251 4400 2362 4456 per
2383 4378 2574 4457 Alpes
2595 4380 2849 4438 Romam
