3134 5034
1396 261 1826 318 -12—

662 437 879 499 Altera
924 439 1103 499 etiam
1150 439 1242 499 sui
1288 438 1478 519 ipsius
1525 461 1705 500 causa
1751 439 2303 499 commemoratione
2351 439 2532 517 digna
2574 440 2730 500 vide-

483 535 599 587 tur.
693 528 923 605 Cuique
970 530 1152 602 enim,
1198 534 1269 588 ut
1314 530 1541 608 opinor,
1591 528 1805 588 Gildae
1826 529 2036 594 ,libros
2080 529 2305 606 legenti
2351 530 2734 607 conspicuum

485 617 806 691 videbitur,
857 619 1013 694 quod
1047 616 1257 678 Gildas
1298 621 1414 696 (ep.
1446 620 1481 696 ξ
1516 619 1600 677 74
1634 621 1744 695 sq.)
1790 618 2149 677 mentionem
2194 618 2339 677 fecit
2386 619 2458 677 de
2490 618 2732 696 Ignatio

487 711 547 765 et
591 706 924 784 Polycarpo
982 710 1167 767 verba
1226 708 1536 786 proferens
1597 728 1668 765 ex
1729 708 1903 782 hujus
1964 707 2250 784 martyrio
2313 713 2375 767 et
2433 708 2594 767 illius
2656 708 2733 767 ad

486 796 786 854 Romanos
835 796 1108 873 epistula.
1198 797 1409 858 Nonne
1469 795 1615 855 haec
1673 816 1799 868 res,
1863 796 1977 856 etsi
2036 802 2272 856 constat
2334 818 2408 854 ex
2454 796 2735 877 Gregorii

488 884 848 944 Turonensis
895 884 966 942 de
1012 885 1205 962 gloria
1251 891 1580 961 martyrum
1625 885 1827 944 libello
1875 887 1948 961 (c.
1996 886 2099 943 86.
2145 885 2363 962 Migne,
2409 885 2480 944 P.
2522 885 2595 945 L.
2631 887 2732 959 71,

485 994 540 1049 p.
579 974 722 1031 782.
772 976 845 1035 cf.
882 974 1151 1048 Warren,
1198 997 1256 1054 p.
1305 977 1415 1052 99)
1448 973 1813 1050 'martyrium
1858 974 2178 1052 Polycarpi
2223 974 2285 1032 in
2334 975 2732 1054 compluribus

486 1060 722 1121 Galliae
769 1064 1027 1123 ecclesiis
1072 1065 1390 1124 recitatum
1454 1084 1579 1123 esse
1639 1064 1703 1122 in
1765 1063 2129 1123 celebrandis
2176 1063 2565 1124 eucharistiae
2611 1084 2732 1140 my-

485 1151 713 1224 steriis,
771 1186 845 1195 —
900 1171 1125 1226 nonne,
1185 1174 1403 1231 quaeso
1421 1197 1435 1226 ,
1495 1154 1641 1212 haec
1687 1173 1781 1211 res
1828 1152 2068 1212 videtur
2112 1152 2375 1212 indicare
2422 1159 2731 1212 consuetu-

487 1239 686 1298 dinem
731 1241 913 1300 fuisse
959 1242 1241 1321 antiquae
1286 1242 1606 1302 Britonum
1653 1241 1931 1301 ecclesiae
1979 1263 2110 1301 cum
2155 1242 2404 1301 urbibus
2434 1242 2731 1319 Lugduno

488 1334 548 1388 et
576 1329 830 1390 Vienna
846 1330 875 1388 P

665 1419 834 1478 Haec
879 1419 953 1478 de
998 1420 1359 1499 primordiis.
1453 1419 1555 1479 Ad
1602 1422 1851 1480 alteram
1906 1423 2033 1496 jam
2095 1421 2399 1481 veniamus
2459 1420 2733 1480 ecclesiae

484 1506 805 1567 Britonum
851 1515 1109 1569 aetatem

872 1703 1008 1770 inde
1055 1704 1134 1771 ab
1182 1721 1339 1771 anno
1387 1705 1542 1786 450,
1594 1720 1783 1786 usque
1831 1703 1907 1770 ad
1956 1722 2175 1772 annum
2225 1705 2352 1772 597

486 1867 903 1946 pertinentem.
994 1867 1089 1925 De
1121 1888 1239 1943 qua
1269 1868 1617 1945 priusquam
1649 1867 1937 1927 disserere
1982 1868 2352 1946 incipiamus,
2400 1869 2736 1929 meminerit

487 1958 568 2030 is,
617 1957 721 2033 qui
767 1956 913 2015 haec
958 1958 1137 2033 legit,
1198 1977 1265 2015 eo
1312 1957 1442 2036 ipso
1489 1958 1722 2016 saeculo
1742 2003 1755 2030 ,
1805 1979 1840 2016 a
1886 1977 2002 2034 quo
2050 1957 2288 2016 initium
2335 1958 2524 2036 capit,
2590 1958 2734 2017 alibi

488 2066 725 2123 quoque
759 2045 902 2124 quin
935 2046 1115 2106 etiam
1146 2045 1209 2104 in
1241 2046 1514 2106 omnibus
1555 2046 1879 2106 occidentis
1920 2047 2097 2105 terris
2139 2046 2520 2125 antiquitatis
2564 2047 2733 2106 insti-

487 2141 620 2194 tuta
654 2135 956 2208 corruisse,
1003 2156 1159 2195 nova
1198 2136 1489 2211 quaedam
1529 2135 1844 2196 exstitisse.
1938 2135 2306 2212 Quocunque
2352 2137 2732 2213 spectaveris,

489 2225 554 2282 in
586 2224 888 2282 doloribus
935 2225 1105 2300 quasi
1149 2244 1481 2303 puerperae
1527 2230 1672 2284 tunc
1717 2225 1896 2285 fuisse
1943 2225 2226 2284 mundum
2273 2225 2554 2285 invenies.
2616 2227 2733 2286 Ne·

490 2334 603 2391 que
651 2313 826 2371 aliter
872 2313 934 2371 in
980 2313 1313 2372 Britannia.
1405 2313 1681 2373 Eundem
1742 2314 1898 2372 enim
1956 2315 2231 2373 fortunae
2294 2314 2518 2373 exitum
2576 2315 2734 2389 tulit,

492 2422 666 2481 quem
711 2402 934 2461 multae
980 2402 1133 2461 aliae
1178 2402 1415 2480 imperii
1459 2403 1715 2462 Romani
1765 2402 2123 2482 provinciae.
2213 2403 2368 2464 Nam
2415 2403 2571 2462 bona
2616 2404 2737 2478 illa,

491 2512 668 2567 quam
716 2491 995 2551 extremis
1040 2492 1277 2570 imperii
1320 2491 1581 2553 Romani
1627 2488 1872 2553 saeculis
1917 2492 1988 2550 in'
2021 2492 2343 2552 Britannia
2387 2491 2737 2567 invenimus,

493 2581 773 2639 ecclesiae
808 2581 1073 2640 condicio
1105 2581 1299 2641 medio
1346 2584 1470 2642 fere
1517 2584 1749 2642 saeculo
1798 2581 2006 2660 quinto
2053 2581 2251 2640 subito
2300 2601 2584 2641 conversa
2632 2588 2738 2654 est,

491 2689 623 2728 cum
668 2667 860 2747 Angli
907 2670 1286 2747 Saxonesque
1334 2671 1553 2749 pagani
1600 2670 1979 2729 Britanniam
2036 2670 2423 2743 invasissent,
2488 2677 2550 2730 et
2603 2670 2738 2729 Bri·

491 2766 661 2819 tones
708 2760 784 2819 ab
830 2759 903 2819 iis
948 2760 1156 2836 rejecti
1200 2759 1423 2837 partim
1469 2758 1866 2818 occidentales
1898 2759 2250 2818 Britanniae
2291 2759 2513 2836 partim
2547 2766 2738 2819 trans·

495 2848 753 2908 marinas
801 2847 1034 2908 Galliae
1094 2848 1367 2924 regiones
1427 2854 1633 2927 petere
1691 2854 2041 2924 cogerentur
2088 2846 2324 2925 (Gildas
2368 2848 2505 2908 hist.
2552 2850 2587 2927 ξ
2635 2849 2738 2922 25,

493 2959 549 3015 p.
586 2938 712 3014 32).
806 2936 987 2995 Anno
1035 2939 1215 2996 etiam
1264 2935 1392 2994 455
1442 2937 1698 2996 testibus
1744 2936 2056 2996 annalibus
2103 2937 2420 2996 Cambriae
2467 2939 2564 3014 (de
2611 2938 2737 3015 qui-

492 3026 604 3084 bus
652 3026 722 3083 cf.
771 3025 999 3100 Scholl,
1062 3048 1119 3104 p.
1171 3027 1250 3084 37
1302 3028 1418 3104 sq.)
1470 3022 1701 3106 pascha
1759 3033 2176 3086 commutatum
2200 3024 2226 3060 1
2272 3034 2355 3086 est
2400 3047 2534 3086 cum
2570 3047 2740 3109 papa

493 3109 693 3173 Leone
753 3112 1021 3196 episcopo
1085 3111 1315 3176 Romae
1362 3116 1467 3192 (H.
1515 3116 1635 3175 and
1682 3115 1768 3176 St.
1815 3114 1883 3172 II
1902 3160 1916 3189 ,
1985 3117 2014 3173 1
2068 3115 2341 3174 addenda
2388 3137 2444 3193 p.
2492 3115 2738 3193 XXII),

494 3203 597 3262 sed
641 3207 863 3280 postea,
911 3204 1025 3263 etsi
1068 3205 1612 3282 frequentissimum
1660 3204 2069 3264 commercium
2118 3225 2248 3264 cum
2284 3202 2483 3263 Gallia
2529 3206 2739 3264 saltem

495 3313 628 3350 cum
672 3290 988 3352 Armorica
1035 3293 1157 3371 (cui
1202 3294 1377 3353 hodie
1423 3315 1638 3354 nomen
1685 3299 1776 3352 est
1820 3290 2147 3374 Bretayne)
2193 3294 2545 3353 Britonibus
2590 3314 2736 3352 nun-

497 3401 672 3457 quam
735 3402 853 3440 non
899 3384 1017 3444 fuit
1078 3384 1175 3460 (cf.
1221 3384 1380 3442 infra
1435 3390 1495 3443 et
1541 3384 1823 3456 warren,
1883 3405 1942 3461 p.
1993 3381 2074 3440 58
2124 3385 2278 3460 sqq.)
2334 3384 2556 3441 nullam
2602 3382 2738 3441 Bri-

494 3476 663 3530 tones
711 3491 842 3529 cum
904 3474 1115 3533 ceteris
1177 3473 1497 3533 occidentis
1557 3473 1734 3533 terris
1781 3472 2000 3530 nullam
2049 3490 2179 3530 cum
2225 3471 2513 3530 Romanis
2559 3471 2738 3529 socie-

495 3564 681 3617 tatem
727 3559 1002 3621 habuisse
1047 3562 1327 3621 videntur
1374 3562 1558 3622 donec
1606 3581 1760 3620 anno
1796 3560 1919 3618 597
1963 3557 2342 3636 Augustinus
2387 3560 2451 3618 in
2495 3558 2738 3619 Britan·

495 3647 654 3706 niam
699 3648 880 3708 venit.

494 3875 626 3911 cum
683 3857 809 3912 aliis
869 3876 1272 3928 comparemus,
1348 3857 1498 3912 Satis
1555 3857 1631 3910 sit
1686 3873 2176 3923 commemorasse,
2235 3857 2380 3912 illud
2436 3856 2739 3922 „hominem

490 3929 743 3998 factum“
796 3933 857 3984 et
901 3931 1104 3993 illud,
1110 3947 1166 3995 ,a
1210 3947 1312 3997 quo
1347 3931 1429 3982 est
1473 3945 1630 3982 omne
1673 3928 2056 3997 principium“
2106 3929 2348 3997 denique
2404 3899 2551 4011 illud
2606 3943 2740 3996 „per

494 4001 679 4069 ipsum
709 3999 1049 4070 (Christum)
1071 4000 1229 4069 facta
1253 4001 1384 4053 sunt
1416 3998 1652 4052 visibilia
1690 3999 1772 4069 [et
1795 3998 2171 4083 invisibilia]“
2198 4016 2309 4054 non
2334 3998 2444 4052 nisi
2468 3999 2528 4052 in
2554 3999 2738 4052 orien-

495 4072 704 4126 talibus
744 4071 1014 4139 symbolis
1054 4076 1113 4125 et
1149 4070 1300 4138 apud
1336 4069 1520 4136 ipsum
1559 4069 1861 4123 Irenaeum
1898 4071 2157 4125 inveniri.

675 4162 697 4193 ¹
736 4160 869 4215 Vim
921 4177 1075 4213 suam
1130 4158 1340 4225 accipit
1388 4158 1529 4210 haec
1579 4175 1690 4210 vox
1737 4158 2170 4227 haudquaquam
2229 4174 2296 4209 ex
2351 4159 2741 4212 controversia

494 4233 737 4300 quadam
774 4231 846 4284 de
884 4236 1140 4299 tempore
1179 4228 1312 4281 festi
1351 4228 1634 4296 paschalis
1674 4229 1772 4281 sed
1809 4228 1968 4294 inde,
2028 4228 2177 4297 quod
2225 4232 2462 4296 propter
2510 4247 2738 4313 compu-

492 4302 659 4427 tactim
683 4302 1079 4427 diff-ficultatem
1104 4300 1295 4354 variae
1322 4300 1530 4368 passim
1570 4299 1630 4353 in
1667 4300 1908 4355 ecclesia
1947 4301 2209 4355 universa
2246 4303 2411 4354 erant
2448 4301 2739 4370 opiniones

490 4391 547 4426 w
643 4391 704 4426 1n
729 4391 758 4426 r
