3134 5034
1492 274 1930 336 -48-

590 457 945 519 Hiberniam
990 457 1241 531 venerit,
1286 477 1489 530 necne,
1533 476 1674 514 113111
1720 476 1853 514 cum
1898 476 2019 515 uno
2065 457 2193 515 loco
2240 458 2416 532 (conf.
2462 478 2521 534 p.
2556 457 2712 532 306)
2759 469 2835 512 ex

589 547 909 607 Britannia
952 548 1229 607 videatur
1274 567 1399 606 3333
1444 547 1771 623 profectus,
1833 546 1952 603 alio
1997 545 2125 604 loco
2172 545 2412 604 videtur
2457 566 2530 603 ex
2576 545 2695 602 alia
2739 565 2830 602 re-

590 638 767 713 gione
810 638 898 695 ita
942 636 1299 695 Hiberniam
1347 634 1731 712 quaesivisse,
1776 639 1848 692 ut
1891 635 2198 693 omitteret
2242 634 2621 692 Britanniam
2667 632 2834 692 adire

590 732 653 784 et
696 725 900 784 videre
944 732 1223 802 parentes
1269 725 1388 801 (ep.
1417 744 1475 801 p.
1509 724 1683 798 317).

768 812 936 886 Quae
983 834 1116 872 cum
1162 814 1251 871 ita
1295 813 1432 885 sint,
1477 812 1760 869 audacius
1805 812 1951 869 1111111
1981 812 2223 870 videtur
2265 832 2602 870 asseverare
2632 811 2832 870 Patri·

593 903 750 960 cium
792 901 1047 961 testibus
1091 902 1281 979 ipsius
1326 900 1567 978 scriptis
1613 901 1778 958 nullo
1824 901 1940 959 11131
1985 901 2116 978 ipso
2162 900 2274 958 deo
2321 907 2566 959 auctore
2612 900 2676 958 in
2719 900 2833 957 Hi-

591 990 861 1048 berniam
922 990 1280 1068 pervenisse.
1382 990 1537 1049 Nam
1603 988 1677 1061 ii,
1749 989 1853 1065 qui
1912 994 2194 1066 premunt
2251 989 2582 1048 Patricium
2642 1008 2834 1064 neque

594 1077 878 1137 Germani
922 1099 1114 1157 neque
1159 1078 1482 1138 Coelestini
1526 1098 1718 1154 neque
1763 1077 2169 1135 Romanorum
2215 1098 2407 1154 neque
2453 1078 2635 1135 ullius
2679 1077 2833 1134 alius

592 1187 656 1226 33
716 1167 907 1242 ipsum
966 1168 1261 1226 mittentis
1330 1167 1688 1225 mentionem
1758 1165 1990 1240 fecisse,
2059 1187 2132 1224 ne
2204 1168 2526 1242 neglegant
2596 1185 2830 1242 quaeso,

593 1255 753 1332 quod
798 1256 1035 1314 omnino
1081 1256 1144 1314 in
1191 1255 1553 1313 confessione
1587 1260 1648 1312 et
1678 1255 1936 1332 epistula
1981 1256 2244 1332 exceptis
2288 1256 2552 1332 ipsorum
2583 1253 2834 1312 Patricii

593 1351 658 1404 et
717 1343 985 1403 Oorotici
1044 1349 1224 1420 atque
1285 1351 1601 1421 parentum
1660 1344 1911 1401 Patricii
1970 1345 2309 1402 nominibus
2367 1345 2596 1401 nullum
2653 1343 2833 1400 ullius

592 1432 846 1491 hominis
899 1452 1111 1491 nomen
1169 1432 1496 1503 invenitur,
1564 1432 1744 1490 immo
1800 1431 2103 1491 Patricius
2157 1433 2360 1491 dedita
2414 1453 2596 1510 opera
2653 1431 2832 1490 etiam

594 1542 797 1580 eorum
843 1521 1173 1593 hominum,
1236 1522 1311 1578 de
1357 1522 1574 1596 quibus
1619 1521 1850 1579 locutus
1896 1528 2013 1593 est,
2073 1522 2312 1580 nomina
2367 1522 2637 1580 retinuit.
2730 1518 2834 1576 An

594 1610 729 1687 quis
775 1616 869 1668 est
910 1610 1039 1682 ille,
1096 1610 1198 1685 qui
1243 1608 1366 1690 &yse
1410 1628 1509 1668 ore
1551 1628 1659 1666 suo
1704 1607 1966 1668 diverat.-
2031 1629 2153 1668 ecce
2195 1618 2258 1668 tu
2291 1608 2731 1688 promovendus
2775 1627 2833 1666 33

550 1749 554 1753 .
595 1697 680 1758 ad
717 1697 981 1779 yradum
1025 1692 1423 1778 epi-aequatus?
1479 1698 1702 1757 Utrum
1746 1697 1931 1771 idem,
1978 1718 2153 1773 quem
2199 1699 2618 1757 amicissimum
2664 1717 2833 1756 31111111

593 1787 893 1846 Patricius
947 1788 1275 1865 appellavit
1328 1808 1405 1845 an
1459 1786 1650 1844 alius?
1706 1787 1883 1860 (conf.
1915 1809 1973 1865 p.
2010 1786 2181 1862 305).
2271 1788 2665 1846 Nihilosecius
2719 1787 2833 1859 ille,

595 1876 700 1951 qui
730 1876 966 1935 dixerat
995 1875 1322 1934 Patricium
1352 1874 1816 1951 promovendum
1847 1895 1973 1934 esse
2020 1876 2094 1934 ad
2143 1877 2392 1952 gradum
2438 1878 2834 1955 episcopatus,

594 1965 934 2024 testimonio
980 1970 1073 2024 est
1115 1963 1444 2023 Patricium
1487 1962 1948 2040 haudquaquam
1995 1964 2268 2022 omnibus
2313 1965 2588 2023 humanis
2633 1969 2832 2022 aucto-

596 2054 762 2113 ribus
808 2054 1059 2113 exclusis
1105 2054 1169 2111 in
1213 2052 1567 2111 Hiberniam
1614 2053 1969 2129 pervenisse.
2032 2053 2150 2112 Sed
2196 2054 2458 2112 desinam
2506 2054 2833 2130 exprimere

596 2144 941 2219 obscuriora
985 2143 1088 2200 illa
1132 2143 1315 2201 verba
1359 2142 1454 2199 vel
1503 2140 1718 2200 similia
1764 2143 1964 2219 plura,
2020 2143 2199 2201 immo
2245 2144 2438 2202 missis
2483 2142 2834 2218 ambagibus

597 2232 917 2308 proferam,
965 2231 1109 2306 quid
1155 2230 1423 2288 sentiam.
1484 2229 1842 2288 Persuasum
1888 2231 2044 2289 enim
2089 2232 2237 2288 mihi
2281 2238 2372 2289 est
2400 2231 2653 2291 Patricii
2697 2249 2832 2287 con·

596 2319 910 2378 sessionem
969 2326 1032 2378 et
1093 2320 1409 2395 epistulam
1476 2338 1597 2377 non
1665 2321 1852 2378 solum
1923 2340 2041 2378 non
2111 2340 2444 2397 repugnare
2512 2321 2613 2392 iis,
2683 2338 2834 2395 quae

597 2414 849 2467 exeunte
896 2409 1129 2467 saeculo
1175 2408 1426 2485 septimo
1472 2407 1546 2465 de
1586 2407 1840 2467 Patricii
1883 2408 2199 2467 itineribus
2242 2429 2351 2486 per
2382 2407 2611 2467 Gallias
2655 2413 2834 2484 atque

595 2497 837 2556 Italiam
885 2496 1051 2556 Scoti
1094 2498 1444 2568 narrabant,
1513 2496 1619 2555 sed
1664 2497 1844 2555 etiam
1890 2517 2048 2569 cum,
2121 2499 2322 2573 quales
2377 2517 2534 2555 nunc
2580 2501 2834 2566 exstant,

598 2592 743 2658 tam,
792 2587 998 2661 quales
1044 2586 1184 2643 olim
1214 2586 1396 2645 fuisse
1428 2585 1725 2658 videntur,
1772 2586 1934 2642 1113111
1983 2585 2169 2663 ipsam
2217 2586 2616 2644 narrationem
2664 2604 2836 2662 posse

595 2675 693 2733 vel
740 2675 1007 2751 potuisse
1052 2674 1415 2733 confirmare.
1505 2673 1887 2750 Argumenta
1940 2680 2163 2745 31113111,
2225 2675 2442 2750 1111111113
2500 2674 2644 2732 mihi
2704 2693 2835 2750 per-

596 2782 834 2821 suasum
880 2762 1000 2836 est,
1047 2765 1189 2823 sunt'
1226 2763 1465 2822 haecce·

776 2851 1129 2930 Dispersum
1174 2874 1235 2911 se
1281 2872 1406 2911 esse
1451 2857 1662 2911 narrat
1690 2851 1990 2909 Patricius
2034 2871 2142 2929 per
2171 2857 2376 2928 gentes
2408 2853 2627 2910 multas
2659 2852 2836 2926 (conf.

596 2962 657 3019 p.
693 2941 872 3017 297),
933 2941 1036 2999 sed
1082 2961 1373 3017 quaenam
1418 2941 1645 2999 fuerint
1688 2940 1826 2998 illae
1872 2947 2081 3017 gentes
2126 2960 2244 2998 non
2291 2940 2455 2998 dicit.
2546 2939 2837 2998 Attamen

599 3029 768 3103 quasi
813 3031 1181 3105 praeteriens
1233 3049 1354 3089 non
1412 3030 1602 3087 solum
1649 3029 1722 3086 de
1768 3028 2080 3087 Britannis
2135 3035 2196 3087 et
2250 3027 2443 3088 Scotis
2500 3030 2603 3087 sed
2658 3029 2836 3087 etiam

599 3116 672 3174 de
705 3115 899 3175 Gallis
939 3124 1000 3176 et
1028 3118 1316 3176 Romanis
1360 3117 1719 3176 mentionem
1765 3118 1923 3174 fecit.
2014 3117 2230 3194 Itaque
2276 3138 2407 3175 cum
2454 3117 2614 3175 dicat
2660 3117 2839 3192 (conf.

598 3225 654 3281 p.
691 3205 846 3281 309)
892 3212 1098 3283 optare
1145 3227 1298 3278 sese,
1366 3213 1438 3263 ut
1490 3205 1669 3263 liceat
1723 3206 1839 3263 31111
1890 3204 1978 3263 ire
2027 3224 2146 3264 77077
2197 3202 2385 3265 solum
2438 3205 2522 3264 ad
2566 3204 2838 3285 patriam

596 3292 701 3351 sed
745 3292 921 3353 etiam
971 3314 1151 3376 usque
1203 3293 1289 3353 ad
1335 3288 1599 3354 Galliam
1642 3301 1694 3350 et
1737 3291 1972 3353 visitare
2023 3292 2253 3374 fratres
2304 3314 2463 3364 suos,
2529 3303 2595 3352 nt
2647 3292 2840 3352 videm

583 3379 809 3461 faciem
851 3391 1188 3442 sanctorum
1218 3378 1470 3441 Domini
1510 3380 1620 3451 sui,
1669 3389 1730 3439 et
1776 3402 1907 3440 cum
1953 3383 2158 3441 laudet
2188 3385 2302 3459 (ep.
2338 3386 2393 3456 7,
2425 3404 2484 3460 p.
2519 3383 2675 3459 317)
2705 3401 2836 3441 con-

598 3469 956 3531 suetudinem
1001 3467 1419 3531 Romanorum
1466 3463 1886 3550 Gallorumque
1933 3467 2420 3540 waramum-um,
2465 3469 2568 3552 qui
2607 3470 2841 3530 matam

594 3556 955 3640 presbyteros
1008 3568 1236 3619 sanctos
1290 3557 1526 3617 idoneos
1589 3556 1673 3616 ad
1735 3554 2003 3619 Francos
2066 3568 2118 3618 et
2176 3568 2400 3619 exteras
2455 3568 2647 3638 yentee
2706 3578 2841 3618 cum

598 3654 680 3705 tot
735 3644 970 3706 milibus
1035 3645 1361 3707 solidorum
1433 3643 1518 3704 ad
1580 3644 1950 3707 redimendos
2017 3646 2271 3728 captivos
2341 3645 2689 3728 baptizatos,
2753 3682 2839 3693 -—-

600 3742 854 3812 apparet
897 3756 1106 3795 revera
1153 3733 1460 3792 Gallorum
1507 3741 1745 3810 gentem
1790 3755 1969 3793 unam
2016 3757 2139 3795 esse
2186 3756 2259 3794 ex
2318 3736 2391 3795 iis
2404 3780 2419 3808 ,
2480 3736 2542 3792 in
2589 3756 2840 3811 quarum

600 3823 871 3900 regiones
904 3823 1234 3900 dispersum
1281 3842 1343 3880 se
1389 3841 1515 3880 esse
1562 3830 1772 3881 auctor
1816 3824 2083 3883 tradidit.
2147 3825 2305 3897 Quin
2336 3825 2514 3882 etiam
2547 3825 2841 3901 expressis

600 3913 797 3971 verbis
826 3912 1128 3971 Patricius
1174 3912 1236 3969 in
1282 3911 1647 3969 confessione
1678 3911 1914 3971 videtur
1959 3913 2316 3971 mentionem
2361 3913 2568 3970 fecisse
2614 3913 2689 3970 de
2735 3932 2842 3970 sua

599 4000 662 4057 in
709 4000 903 4060 Gallis
949 4000 1434 4072 commoratione,
1504 4000 1608 4058 sed
1654 4007 1778 4060 tam
1822 4002 2107 4079 perplexa
2152 4008 2294 4061 sunt
2338 4002 2547 4074 verba,
2616 4008 2686 4060 ut
2728 4021 2841 4078 pro

602 4096 764 4148 certo
810 4090 895 4147 nil
943 4086 1225 4147 affirmari
1279 4088 1484 4165 possit.
1577 4088 1680 4147 An
1735 4097 1907 4166 potes
1962 4088 2313 4149 Germanice
2370 4096 2601 4148 vertere
2657 4093 2842 4148 verba

599 4176 839 4237 haecce.
903 4183 1167 4256 oportet.
1249 4219 1262 4233 .
1303 4174 1423 4235 sine
1466 4175 1673 4237 timore
1695 4175 2059 4260 fiducialiter
2104 4177 2202 4237 dei
2240 4197 2449 4236 nomen
2493 4176 2700 4259 ubique
2744 4197 2840 4239 ea·-

592 4263 888 4343 pandere,
957 4272 1020 4323 ut
1075 4262 1250 4323 etiam
1307 4274 1443 4343 post
1497 4263 1714 4324 obitum
1765 4285 1960 4325 meam
2014 4286 2085 4326 ex
2139 4285 2178 4323 a
2236 4260 2466 4326 Gallias
2519 4264 2845 4348 relinquere
2961 4250 2969 4255 ’

585 4350 885 4434 fratribus
915 4361 965 4410 et
989 4348 1141 4434 filiis
1170 4351 1332 4423 mei-3,
1365 4374 1507 4433 quoe
1532 4353 1593 4411 in
1615 4348 1878 4413 Domino
1908 4371 2011 4435 390
2041 4350 2336 4431 baptizavi
2357 4356 2533 4429 (conf.
2559 4378 2616 4433 p.
2645 4357 2844 4433 300)‘?
