3134 5034
1467 264 1904 321 -22—

567 463 683 503 non
732 444 969 503 omnino
1024 442 1333 520 proprium
1389 443 1568 501 fuisse
1626 442 1967 515 Britonum,
2039 443 2141 501 sed
2203 443 2531 519 profectum
2594 461 2719 499 esse
2778 462 2816 500 a

565 533 764 613 priore
826 532 1083 609 quadam
1143 538 1421 589 tonsurae
1493 530 1724 590 ratione
1786 536 1964 590 antea
2038 530 2098 589 in
2169 530 2414 590 ecclesia
2482 532 2689 590 saltem
2750 531 2815 588 in

570 620 920 700 quibusdam
990 620 1266 679 ecclesiae
1327 620 1602 697 partibus
1661 620 1900 679 usitata.
2015 620 2190 693 Quod
2248 619 2406 678 idem
2469 620 2816 698 comprobat

566 710 857 769 Paulinus
918 709 1184 768 Nolanus
1249 709 1603 767 mentionem
1670 707 1890 767 faciens
1938 707 2075 786 (Op.
2125 709 2211 767 ed.
2259 708 2592 786 Rosweyde
2646 710 2812 767 1622

569 822 660 878 ep.
698 800 761 875 7)
810 799 882 856 de
931 797 1232 856 monachis
1277 796 1528 855 Gallicis
1571 805 1732 856 casta
1773 795 2131 878 insomnitate
2176 794 2461 877 capillum
2504 797 2588 857 ad
2632 805 2815 859 cutem

569 884 749 948 caesis
795 894 846 945 et
906 882 1287 966 inaequaliter
1331 883 1652 945 semitonsis
1698 893 1750 945 et
1795 884 2065 945 destituta
2108 883 2316 968 fronte
2361 885 2671 968 praerasi-9
2717 886 2815 963 (cf.

569 977 766 1036 Skene
797 975 884 1048 II,
924 996 980 1052 p.
1016 975 1142 1052 24).
1236 974 1462 1034 Contra
1509 995 1641 1033 cum
1688 970 1954 1035 »Saxones
1997 975 2132 1034 illos
2179 970 2601 1055 Bajocassinos
2634 971 2817 1055 juxta

568 1064 750 1125 ritum
804 1061 1243 1124 Britannorum
1295 1072 1488 1124 tonsos
1543 1064 1725 1122 laicos
1782 1064 1960 1123 fuisse
2019 1065 2394 1123 manifestum
2450 1065 2529 1124 sit
2589 1066 2687 1141 (cf.
2735 1064 2815 1122 H.

570 1154 689 1213 and
734 1153 823 1213 St.
869 1153 954 1226 Π,
1009 1154 1037 1211 1
1090 1174 1146 1230 p.
1199 1152 1326 1230 78),
1373 1153 1789 1230 suspicandum
1838 1160 1978 1225 est,.
2014 1153 2197 1213 laicos
2254 1174 2490 1230 quoque
2536 1154 2817 1212 Britones

569 1242 858 1322 peculiari
913 1242 1165 1319 quadam
1236 1242 1468 1301 ratione
1529 1242 1710 1300 fuisse
1781 1248 2002 1301 tonsos.
2093 1242 2270 1316 Inde,
2334 1243 2387 1302 si
2445 1262 2650 1302 verum
2711 1248 2817 1316 est,

571 1330 965 1409 colligendum
1015 1337 1104 1390 est
1149 1330 1399 1390 rationis
1443 1330 1729 1389 tondendi
1777 1331 2018 1390 clericos
2060 1331 2220 1410 apud
2250 1331 2530 1391 Britones
2562 1331 2817 1391 usitatae

570 1421 789 1500 partim
848 1419 1025 1479 etiam
1084 1440 1305 1477 morem
1363 1419 1747 1479 domesticum
1802 1420 1983 1479 fuisse
2038 1425 2354 1480 auctorem.
2448 1421 2612 1498 Ergo
2668 1426 2730 1479 et
2782 1441 2818 1479 a

574 1511 772 1589 priore
839 1510 1092 1587 quadam
1159 1509 1511 1585 tonsurandi
1577 1510 1809 1568 ratione
1873 1515 1933 1568 et
1998 1531 2033 1567 a
2097 1509 2434 1569 domesticis
2498 1510 2817 1569 Britonum

572 1599 838 1657 moribus
884 1602 1162 1657 tonsurae
1209 1597 1527 1657 Britonum
1575 1598 1741 1675 origo
1800 1598 2034 1657 videtur
2089 1618 2212 1658 esse
2270 1600 2611 1677 repetenda.
2702 1597 2820 1657 Sed

571 1694 891 1765 utrumque
948 1686 1091 1765 quid
1148 1687 1468 1746 contulerit
1522 1688 1598 1746 ad
1657 1687 2017 1745 efferendam
2074 1688 2234 1747 illam
2292 1688 2481 1766 ipsam
2539 1695 2819 1747 tonsurae

573 1778 821 1835 formam
879 1775 937 1832 in
993 1776 1185 1834 medio
1243 1775 1692 1851 relinquendum
1750 1782 1857 1835 est.
1948 1776 2024 1834 Id
2080 1797 2218 1836 vero
2275 1798 2383 1856 pro
2443 1783 2606 1837 certo
2662 1777 2818 1836 affir-

573 1865 724 1924 mari
767 1869 969 1943 potest
1012 1864 1294 1924 Britones
1339 1865 1495 1935 hunc
1543 1885 1765 1933 morem
1811 1872 2122 1942 sequentes
2168 1872 2367 1926 tamen
2409 1865 2527 1925 fide
2576 1874 2634 1926 et
2682 1887 2815 1944 ope·

575 1955 742 2014 ribus
789 1953 1009 2013 unitati
1055 1954 1380 2013 catholicae
1440 1955 1715 2032 potuisse,
1750 1955 1976 2027 favere,
2045 1955 2287 2014 levioris
2334 1956 2490 2014 enim
2536 1955 2818 2015 momenti

579 2064 704 2103 esse
749 2043 902 2102 hanc
957 2043 1029 2101 de
1084 2049 1364 2102 tonsurae
1418 2044 1610 2102 forma
1664 2043 2086 2103 dissensionem
2139 2040 2337 2122 ipsius
2384 2045 2819 2105 controversiae

575 2132 943 2211 temporibus
1007 2131 1266 2190 Romani
1328 2152 1445 2191 non
1508 2139 1824 2194 tacuerunt
1885 2134 2000 2209 (ep.
2065 2133 2382 2206 ceolfridi,
2443 2133 2612 2192 Beda
2666 2134 2722 2191 h.
2770 2154 2817 2191 e.

579 2221 635 2295 5,
686 2221 762 2281 21
816 2222 851 2298 ξ
898 2220 1071 2296 441).
1162 2221 1297 2279 Hac
1345 2221 1475 2298 ipsa
1522 2221 1593 2279 de
1642 2241 1818 2280 causa
1877 2221 2150 2298 equidem
2204 2221 2278 2280 de
2338 2222 2432 2281 his
2479 2220 2712 2280 Galliae
2760 2228 2821 2281 et

577 2308 865 2369 Galliciae
923 2309 1184 2368 ecclesiis
1240 2309 1477 2367 omnino
1534 2311 1719 2368 verba
1774 2329 1893 2369 non
1947 2311 2240 2384 fecissem,
2301 2311 2417 2370 nisi
2460 2311 2819 2388 permultum

579 2419 708 2458 mea
754 2398 1066 2459 interesset
1111 2397 1527 2467 demonstrare,
1563 2399 1627 2463 in
1664 2396 1873 2463 ‚Gallia
1919 2404 1979 2458 et
2031 2400 2094 2458 in
2140 2400 2439 2478 Hispania
2484 2400 2716 2477 placide
2764 2404 2826 2457 et

579 2488 782 2547 sedate
828 2493 1023 2546 actum
1072 2508 1196 2547 esse
1243 2486 1315 2545 de
1363 2487 1436 2546 iis
1472 2487 1627 2566 *ipsis
1673 2487 1988 2547 Britonum
2037 2489 2323 2561 moribus,
2383 2494 2632 2566 propter
2676 2507 2824 2564 quos

575 2576 703 2635 fieri
751 2596 868 2634 non
915 2576 1140 2654 potuit,
1203 2576 1345 2653 quin
1403 2576 1466 2634 in
1521 2576 1843 2635 Britannia
1898 2577 2211 2637 vehemens
2265 2583 2533 2639 oreretur
2590 2584 2819 2636 contro-

578 2665 774 2724 versia
822 2665 979 2723 inter
1023 2664 1302 2724 Britones
1350 2672 1410 2723 et
1456 2663 1757 2723 Saxonum
1804 2667 2109 2744 apostolos
2156 2688 2191 2725 a
2223 2664 2511 2743 Gregorio
2557 2687 2715 2744 papa
2760 2665 2823 2722 in

578 2753 957 2813 Britanniam
1001 2753 1225 2813 missos.
1316 2753 1535 2831 Itaque
1582 2754 1673 2814 his
1720 2755 2009 2814 absolutis
2058 2758 2185 2831 jam
2240 2755 2693 2833 progrediamur
2748 2754 2823 2812 ad

579 2843 770 2922 ipsam
815 2843 994 2916 illam,
1046 2863 1222 2920 quam
1269 2843 1649 2904 distinximus

578 3036 817 3105 tertiam
852 3036 1157 3102 ecclesiae
1190 3034 1489 3103 Britonum
1524 3036 1809 3118 aetatem,
1858 3035 2340 3120 proficiscentem
2373 3037 2451 3104 ab
2484 3054 2643 3105 anno
2676 3037 2824 3118 597,

580 3162 783 3289 eodem
838 3198 1060 3277 quippe
1116 3219 1295 3271 anno,
1369 3220 1484 3276 quo
1544 3197 1950 3277 Augustinus,
2020 3200 2247 3276 primus
2292 3198 2518 3277 Anglo-
2525 3199 2824 3260 Saxonum

581 3274 890 3389 episcopus
933 3288 1009 3346 ad
1040 3243 1418 3350 Britanniam
1465 3309 1679 3349 navem
1726 3289 1977 3366 appulit.
2018 3324 2092 3332 —-
2130 3286 2507 3365 Augustinus
2555 3296 2615 3349 et
2662 3289 2823 3363 socii,

580 3398 711 3436 cum
758 3377 821 3436 in
854 3377 1231 3435 Britanniam
1271 3383 1579 3451 venerunt,
1628 3378 1888 3436 nondum
1936 3383 2097 3436 certo
2145 3378 2430 3451 sciebant,
2480 3379 2584 3480 qui
2630 3383 2826 3439 essent

581 3486 774 3525 mores
821 3465 1137 3525 Britonum
1183 3467 1432 3545 proprii,
1481 3467 1659 3525 immo
1690 3466 2069 3537 Laurentius,
2117 3465 2444 3544 Augustini
2492 3469 2553 3526 in
2600 3468 2821 3527 archie-

578 3555 888 3634 piscopatu
921 3553 1315 3614 Cantuarensi
1361 3574 1679 3628 successor,
1726 3553 1920 3614 Scotis
1965 3555 2206 3633 scripsit
2252 3561 2409 3633 (ann.
2446 3556 2821 3657 604-610)

579 3663 643 3701 se
688 3643 918 3703 venisse
953 3645 1036 3702 in
1092 3644 1468 3704 Britanniam
1529 3642 1846 3715 credente&
1913 3643 2073 3724 quod
2103 3640 2284 3725 juxta
2328 3663 2589 3705 morem·
2581 3643 2820 3706 ¹vmiver·

580 3728 721 3791 salis
767 3729 1028 3793 ecclesiae
1057 3732 1335 3794 Britones
1379 3730 1837 3813 inqrederentur,
1882 3731 1945 3792 in
1989 3753 2208 3815 mayna
2251 3732 2569 3794 reverentia
2613 3732 2819 3794 sancti-

580 3818 714 3880 tatis
757 3830 880 3880 tam
909 3820 1189 3882 Britones
1235 3841 1414 3903 quam
1461 3817 1665 3880 Scotos
1709 3831 2035 3882 venerantes
2067 3823 2259 3899 (Beda
2288 3823 2344 3880 h.
2378 3844 2425 3881 e.
2461 3824 2517 3896 2,
2553 3823 2592 3880 4
2626 3825 2662 3902 ἓ
2695 3825 2821 3900 98).

581 3909 780 3984 Quod,
844 3912 957 3970 etsi
1004 3910 1291 3970 mendacii
1337 3910 1701 3969 Laurentius
1747 3911 2109 3973 accusandus
2156 3932 2274 3970 non
2331 3919 2445 3985 est,
2507 3918 2704 3971 tamen
2758 3913 2822 3970 in

582 3998 808 4058 sincera
855 4000 1107 4059 veritate
1154 3998 1441 4076 scriptum
1491 4018 1607 4057 non
1656 4004 1763 4057 est.
1856 3999 2035 4060 Certe
2082 4001 2235 4059 enim
2283 4000 2611 4078 Gregorius
2664 4021 2823 4080 papa

581 4088 914 4165 suspicatus
975 4093 1065 4146 est
1123 4086 1405 4146 Britones
1467 4107 1584 4146 non
1648 4088 1886 4148 omnino
1947 4090 2277 4149 consentire
2348 4111 2479 4148 cum
2547 4090 2822 4150 universa

582 4176 841 4235 ecclesia.
948 4174 1237 4251 Alioquin
1300 4174 1646 4253 Augustino
1708 4197 1827 4236 non
1886 4178 2244 4256 scripsisset:
2321 4176 2822 4249 „Britanniarum

582 4284 776 4323 omnes
821 4262 1116 4342 episcopos
1161 4271 1293 4322 tuae
1322 4262 1694 4345 fraternitati
1736 4265 2160 4338 comma-imm,
2206 4275 2272 4326 ut
2313 4264 2535 4327 indocti
2575 4267 2818 4328 docean-

583 4360 694 4424 tur,
726 4350 945 4435 ivfiwni
957 4351 1342 4432 persuasione
1371 4351 1734 4426 roborentur,
1753 4353 2023 4435 perversi
2048 4353 2385 4415 auctoritate
2414 4354 2823 4439 corriyantuffl
