3134 5034
1592 295 2025 356 ...64-

881 473 1085 536 Skenii
1118 493 1259 537 vero
1307 478 1648 553 conjectura
1694 497 1766 536 ne
1814 476 2004 536 dicam
2036 477 2187 536 falsa
2234 482 2395 536 certe
2442 474 2797 536 verisimilis
2829 495 2942 533 non

693 573 800 641 est,
855 599 925 611 --
980 566 1139 644 quod
1185 567 1481 645 explicare
1512 563 1770 644 'longum
1818 573 1938 640 est,
2000 567 2251 625 alterum
2309 566 2497 644 igitur
2553 565 2715 623 illud
2762 565 2939 624 fuisse

690 662 853 736 puto.
932 655 1146 732 Itaque
1194 655 1266 715 de
1313 656 1632 735 episcopis,
1679 661 1747 715 ut
1790 656 1878 716 ita
1923 656 2133 729 dicam,
2179 655 2707 715 monasterialibus
2754 674 2941 732 pauca

689 746 988 825 prioribus
1036 744 1306 803 addenda
1355 751 1511 804 sunt.

868 834 1196 893 Affirmant
1242 833 1396 892 enim
1444 833 1709 893 Toddius
1755 835 1852 910 (cf.
1899 834 2172 911 Loening
2216 855 2273 912 p.
2307 834 2434 892 445
2483 841 2607 895 not.
2660 835 2748 909 1),
2799 832 2937 892 Ske-

691 924 824 983 nius
886 922 1009 999 (ΙΙ,
1070 943 1128 1000 p.
1176 923 1306 1000 44),
1368 924 1472 982 alii
1532 923 1876 1002 saepissime
1936 924 1999 982 in
2059 923 2432 983 monasteriis
2492 922 2823 983 Scotorum
2881 922 2937 979 in

690 1012 1107 1074 monachorum
1156 1032 1399 1071 numero
1444 1013 1625 1073 fuisse
1671 1032 1852 1072 unum
1900 1013 1995 1073 vel
2042 1012 2158 1071 (luo
2206 1013 2529 1091 episcopos,
2578 1012 2693 1096 qui
2742 1011 2937 1070 omnia

691 1103 1018 1162 ministeria
1064 1102 1450 1181 episcopalia,
1499 1123 1650 1178 quae
1698 1122 1847 1179 opus
1894 1108 2091 1176 erant,
2140 1101 2645 1161 administrabant
2663 1147 2679 1174 ‚
2731 1101 2938 1159 nihilo-

690 1192 883 1251 minus
930 1198 1145 1263 autem,
1193 1199 1484 1268 quatenus
1514 1191 1791 1252 monachi
1836 1197 2023 1265 erant,
2071 1192 2278 1251 abbati
2318 1191 2573 1268 subjecti
2605 1195 2935 1249 manerent.

689 1281 865 1341 Hanc
913 1280 1286 1353 sententiam,
1333 1281 1404 1340 de
1453 1302 1572 1358 qua
1618 1302 1801 1359 supra
1831 1282 2015 1341 verba
2047 1300 2165 1339 non
2197 1281 2328 1353 feci,
2376 1281 2516 1358 quia
2563 1280 2794 1339 idonea
2824 1299 2938 1337 non

688 1371 941 1443 videtur,
989 1390 1107 1446 qua
1154 1368 1534 1430 confirmetur
1581 1372 1820 1430 omnino
1867 1371 2027 1449 apud
2058 1370 2267 1430 Scotos
2298 1371 2662 1447 dignitatem
2714 1370 2933 1448 episco-

687 1461 882 1538 palem
928 1460 1108 1518 fuisse
1154 1477 1192 1516 a
1247 1457 1524 1538 personal
1575 1460 1700 1520 and
1757 1468 1857 1520 not
1915 1480 1997 1518 an
2040 1456 2256 1542 official
2299 1457 2525 1540 diqnity
2571 1458 2809 1536 (Skene
2855 1456 2936 1528 H,

688 1571 746 1627 p.
796 1549 925 1624 44),
973 1549 1083 1607 hoc
1129 1548 1257 1607 loco
1314 1569 1430 1607 non
1475 1549 1836 1627 impugnem.
1927 1549 2081 1610 Nam
2145 1549 2257 1608 etsi
2317 1550 2655 1622 annalium,
2716 1548 2934 1625 'quibus

691 1637 944 1696 Skenius
990 1637 1199 1710 utitur,
1246 1638 1586 1697 testimonia
1632 1639 1856 1699 leviora
1887 1646 2042 1711 sunt,
2090 1646 2290 1698 tamen
2337 1647 2398 1697 et
2431 1638 2692 1708 Toddio‚
2740 1656 2932 1695 rerum

689 1727 1149 1786 Hibernicarum
1195 1726 1581 1804 peritissimO,
1629 1729 1733 1787 ubi
1782 1728 1854 1786 de
1900 1728 2071 1787 factis
2118 1728 2343 1804 agitur,
2404 1727 2582 1786 fidem
2635 1729 2930 1803 denegare

689 1816 835 1874 mihi
880 1836 998 1875 non
1043 1816 1201 1888 licet,
1249 1822 1310 1875 et
1354 1817 1481 1894 ipse
1526 1837 1651 1875 rem
1697 1817 1904 1895 paucis
1951 1817 2300 1876 confirmare
2357 1837 2616 1895 possum.
2714 1816 2930 1875 Exstat

690 1906 844 1963 enim
891 1904 1050 1983 apud
1093 1905 1516 1964 Adamnanum
1563 1906 1788 1966 mentio
1846 1907 2106 1985 episcopi
2154 1906 2460 1981 cujusdam
2505 1906 2552 1965 J
2553 1927 2712 1965 onae
2759 1924 2926 1982 saepe

690 1995 1107 2055 commorantis
1155 1996 1239 2071 (1,
1289 1996 1391 2069 29,
1440 2017 1497 2074 p.
1532 1997 1678 2069 208,
1728 1996 1799 2056 cf.
1852 1997 1905 2068 1,
1946 1997 2042 2068 17,
2090 2017 2149 2073 p.
2184 1995 2338 2071 204)
2387 2002 2448 2054 et
2493 1997 2659 2072 apud
2706 1995 2925 2053 Bedam

688 2085 948 2158 alterius,
980 2083 1217 2143 nomine
1250 2083 1545 2159 Ceollach,
1578 2086 1818 2144 natione
1851 2084 2031 2157 Scoffi,
2079 2084 2183 2160 qui
2215 2105 2331 2142 non
2365 2084 2549 2143 multo
2580 2092 2730 2162 post
2761 2102 2923 2160 quam

689 2174 1092 2252 episcopatum
1171 2173 1727 2233 mediterraneorem
1788 2173 2128 2250 Anglorum
2195 2173 2369 2232 simul
2442 2183 2504 2233 et
2575 2174 2923 2233 Marciorum

690 2268 1031 2341 susceperat
1049 2307 1063 2335 ,
1095 2259 1303 2322 ‘relicto
1349 2261 1685 2344 episcopatu
1729 2280 1988 2321 reversus
2034 2271 2116 2324 est
2159 2262 2243 2321 ad
2286 2259 2543 2322 insulam
2587 2258 2716 2322 Hie·
2759 2262 2838 2339 (h.
2880 2279 2922 2315 e.

692 2352 748 2425 3,
798 2353 899 2425 21,
947 2353 982 2429 ξ
1032 2352 1202 2429 212).
1293 2351 1509 2427 Itaque
1557 2353 1668 2411 etsi
1711 2352 1937 2424 nescio,
1996 2352 2212 2428 quibus
2258 2352 2616 2411 testimoniis
2670 2350 2920 2410 Toddius

687 2461 813 2500 rem
860 2441 1329 2513 confirmaverit,
1377 2447 1579 2500 tamen
1625 2462 1743 2500 non
1790 2441 2000 2500 dubito
2049 2441 2194 2500 adeo
2243 2442 2298 2500 ei
2359 2441 2535 2500 fidem
2583 2442 2916 2518 adjungere,

687 2537 756 2590 ut
803 2530 1117 2590 concedam
1161 2530 1290 2590 fieri
1335 2530 1615 2607 potuisse,
1663 2537 1731 2589 ut
1776 2531 1839 2588 in
1883 2531 2002 2589 illis
2049 2531 2453 2604 monasteriis,
2502 2550 2661 2606 quae
2711 2530 2910 2609 episco-

687 2621 882 2697 palem
929 2623 992 2677 in
1037 2639 1144 2678 sua
1190 2619 1431 2696 regione
1477 2621 1767 2696 gerebant
1814 2639 2038 2692 curam,
2098 2640 2216 2678 non
2275 2620 2392 2700 ipsi
2452 2620 2710 2680 abbates
2759 2618 2902 2677 iidem

688 2709 949 2786 episcopi
997 2714 1193 2767 essent
1238 2709 1343 2767 sed
1387 2729 1541 2766 unus
1589 2730 1662 2767 ex
1712 2707 2039 2781 monachis,
2101 2710 2202 2784 qui
2262 2714 2463 2768 tamen
2523 2709 2742 2769 abbati
2799 2705 2897 2766 sub·

681 2800 877 2874 jectus
937 2803 1221 2856 maneret.
1313 2795 1433 2856 Sed
1495 2818 1631 2857 raro
1691 2798 1802 2856 hoc
1862 2798 2083 2857 factum
2145 2819 2270 2857 esse
2316 2806 2463 2875 puto
2511 2817 2709 2874 neque
2759 2791 2908 2855 moris

684 2888 866 2947 fuisse
910 2888 1063 2946 sicut
1108 2888 1170 2945 in
1203 2887 1560 2946 monasterio
1593 2888 1847 2960 Hiiensi,
1894 2888 2000 2946 sed
2046 2907 2183 2945 casu
2215 2888 2437 2946 factum
2483 2907 2627 2959 esse,
2680 2888 2733 2946 si
2778 2886 2910 2944 forte

684 2978 869 3036 abbas
916 2977 1292 3035 excusatione
1338 2977 1714 3036 monachicae
1761 2977 2103 3036 modestiae·
2129 2976 2481 3053 dignitatem
2529 2974 2912 3053 episcopalem

685 3064 1032 3142 deprecatus
1081 3070 1229 3126 erat.

865 3153 1220 3231 Exemplum
1250 3154 1425 3230 hujus
1472 3154 1558 3212 rei
1603 3155 1731 3233 ipse
1763 3174 1881 3213 non
1913 3154 2113 3214 inveni
2144 3154 2258 3213 nisi
2288 3153 2629 3231 Virgilium,
2668 3154 2911 3216 Scotum,

688 3241 1027 3320 episcopum
1057 3243 1104 3302 J
1105 3263 1459 3303 uvavensem
1492 3242 1560 3319 (†
1596 3244 1749 3320 784)
1798 3244 1917 3320 qui,
1964 3244 2149 3301 donec
2194 3243 2321 3321 ipse
2363 3244 2681 3320 episcopus
2725 3256 2908 3300 conse-

687 3338 883 3391 cratus
908 3338 1015 3405 est,
1040 3332 1117 3391 ad
1141 3332 1611 3392 administranda
1642 3332 1971 3391 ministeria
2003 3332 2363 3410 episcopalia
2392 3352 2532 3391 usus
2565 3339 2658 3391 est
2681 3326 2908 3390 Dobda·

685 3441 860 3497 greco
923 3421 1198 3499 episcopo
1263 3427 1323 3480 et
1382 3421 1513 3500 ipso
1576 3423 1816 3481 natione
1865 3420 2043 3481 Scoto
2092 3421 2190 3496 (cf.
2251 3421 2578 3497 Rettberg‚
2626 3418 2908 3479 Kirchen·

686 3509 1023 3587 geschichte
1055 3511 1495 3570 Deutschlands
1542 3512 1628 3585 ΙΙ,
1676 3533 1732 3589 p.
1768 3512 1895 3568 233
1943 3529 2047 3585 sq.‚
2090 3511 2161 3568 cf.
2208 3531 2265 3587 p.
2302 3510 2430 3568 234
2477 3516 2599 3569 not.
2653 3511 2778 3585 18),
2818 3497 2911 3562 sed

685 3599 818 3657 ideo
863 3600 1036 3657 facile
1083 3600 1230 3659 mihi
1274 3608 1693 3678 persuaserunt
1725 3599 1990 3658 Toddius
2037 3605 2096 3656 et
2128 3597 2399 3673 Skenius‚
2446 3599 2606 3675 quod
2651 3599 2766 3657 nisi
2811 3593 2910 3649 hac

686 3708 750 3745 re
797 3688 1171 3747 manifestum
1217 3710 1334 3748 non
1383 3689 1467 3763 fit,
1516 3689 1808 3766 quomodo
1856 3687 1986 3747 fieri
2030 3689 2317 3763 potuerit,
2366 3694 2434 3748 ut
2479 3697 2907 3761 nonnumquam

685 3777 747 3834 in
805 3776 1100 3836 Hibernia
1148 3777 1432 3853 (Adamn.
1488 3779 1596 3837 vit.
1655 3776 1781 3836 Col.
1837 3779 1889 3849 1,
1944 3777 2041 3849 17,
2088 3798 2146 3854 p.
2195 3778 2350 3849 204;
2405 3780 2457 3850 1,
2508 3778 2610 3850 29,
2656 3798 2715 3854 p.
2765 3769 2908 3835 2083

690 3867 744 3940 1,
796 3866 895 3941 35,
942 3888 999 3944 Ρ.
1050 3868 1202 3944 210)
1252 3872 1312 3926 et
1372 3866 1713 3944 saepissime
1773 3865 2203 3944 posterioribus
2248 3867 2616 3945 temporibus
2661 3866 2725 3923 in
2771 3860 2906 3918 Ger-

684 3956 881 4015 mania
944 3963 1254 4015 occurrant
1314 3955 1485 4015 nobis
1548 3954 1813 4033 episcopi
1883 3955 2349 4032 peregrinantes.
2453 3956 2606 4017 Nam
2667 3972 2796 4012 cum
2851 3945 2906 4001 in

683 4046 979 4105 Hibernia
1028 4044 1387 4123 episcopales
1435 4045 1601 4103 sedes
1648 4044 1735 4102 ita
1766 4063 1898 4101 cum
1930 4044 2301 4103 monasteriis
2335 4048 2651 4121 conjuncta
2680 4037 2903 4102 fuerint,

682 4142 753 4194 ut
796 4155 975 4213 penes
1019 4136 1152 4212 ipsa
1199 4133 1557 4192 monasteria
1602 4132 1973 4211 principatus
2018 4132 2349 4192 dioeceseos
2400 4134 2584 4192 fuisse
2632 4132 2904 4193 videatur,

684 4229 936 4303 apparet
981 4224 1055 4282 iis
1102 4222 1419 4300 episcopis,
1468 4223 1572 4299 qui
1618 4223 1747 4282 vice
1795 4222 2031 4280 abbatis
2089 4223 2242 4281 forte
2290 4222 2623 4282 consecrari
2667 4210 2901 4278 nolentis

687 4312 1121 4391 episcopalibus
1168 4311 1512 4371 ministeriis
1557 4312 1988 4388 fungebantur,
2050 4316 2172 4368 tam
2219 4315 2444 4370 arctam
2491 4330 2623 4369 cum
2670 4327 2773 4368 sua
2818 4296 2902 4359 Vel

684 4402 902 4459 rectius
950 4399 1184 4459 abbatis
1230 4400 1482 4459 dioecesi
1529 4400 2020 4459 necessitudinem
2080 4417 2198 4456 non
2259 4400 2468 4473 fuisse,
2529 4406 2598 4457 ut
2654 4398 2704 4456 si
2762 4391 2899 4451 forte

3048 1345 3054 1424 ⁸
