3134 5034
1298 322 1695 389 ..-3-.

375 508 673 569 erroribu's
718 530 837 569 non
885 515 1114 581 careat,
1160 517 1231 569 ut
1274 511 1402 588 ipse
1448 517 1656 569 auctor
1701 518 1909 589 postea
1956 518 2048 571 est
2092 509 2390 571 confessus
2437 507 2622 589 (Her-

373 620 484 676 zog
523 600 600 657 R.
632 599 704 657 E.
758 599 815 658 1.
848 598 1009 657 Aufl.
1050 601 1147 671 11,
1183 601 1306 657 201
1344 601 1520 676 sqq.),
1567 600 1797 673 idonea,
1828 620 1964 677 qua
2011 601 2157 659 duce
2203 608 2452 660 utantur
2496 622 2617 659 om-

374 709 477 747 nes
524 689 596 746 de
645 687 1043 746 ecclesiastica
1086 687 1406 748 Britonum
1453 687 1884 766 Scotorumque
1941 690 2191 749 historia
2237 689 2617 766 disputaturi.

373 779 579 854 Neque
625 777 854 836 Usserii
896 773 1392 836 Britannicarum
1435 774 1805 837 ecclesiarum
1850 776 2279 859 antiquitatibus
2324 779 2619 854 (Dublini.

379 867 582 942 1639)
616 866 808 924 adhuc
855 886 1052 923 carere
1098 886 1422 942 possumus.
1518 861 1776 926 Concilia
1822 874 2019 925 autem
2063 864 2326 947 Maynae
2373 863 2617 927 Britan-

372 953 505 1013 niae
549 962 599 1013 et
647 949 966 1013 Hiberniae
1012 975 1046 1012 a
1077 954 1398 1014 Wilkinsio
1436 957 1513 1012 17
1523 956 1603 1013 37
1656 957 1898 1015 collecta
1945 956 2119 1014 hodie
2168 963 2617 1028 consenuerunt,

376 1044 516 1119 quia
555 1063 717 1102 vnova
763 1065 948 1120 eaque
994 1044 1218 1119 optima
1266 1050 1463 1103 exstat
1508 1045 1718 1117 editio,
1768 1048 1934 1121 cujus
1981 1045 2160 1123 primi
2204 1045 2350 1103 tomi
2395 1046 2642 1104 Hasius'

375 1132 731 1191 mentionem
775 1133 938 1191 fecit:
990 1129 1259 1192 Councils
1288 1132 1412 1192 and
1449 1131 1851 1193 ecclesiastical
1892 1132 2227 1207 documentis
2271 1130 2518 1214 relatiny
2562 1143 2620 1193 to

354 1215 562 1280 -Go-eat
605 1219 848 1280 Britain
907 1220 1031 1280 and
1077 1218 1341 1281 Ireland.
1403 1221 1490 1280 ed.
1549 1216 1827 1282 Haddan
1872 1222 1996 1282 and
2039 1220 2267 1282 Stubbs.
2366 1219 2618 1303 Ooeford.

372 1306 478 1368 vol.
514 1315 560 1369 1.
610 1312 758 1370 1869
772 1330 793 1380 ,·
836 1307 948 1370 vol.
983 1313 1040 1380 2,
1074 1314 1120 1368 1.
1157 1313 1307 1370 1873
1321 1305 1342 1381 ,·’
1385 1308 1492 1370 vol.
1541 1313 1597 1381 2,
1628 1314 1683 1370 2.
1734 1314 1914 1381 1878,“
1957 1308 2069 1372 vol.
2101 1314 2154 1370 3.
2200 1314 2360 1370 1871.
2451 1312 2619 1370 Haec

372 1397 557 1457 editio
589 1399 846 1457 maximo
893 1400 1027 1458 usui
1073 1400 1219 1457 mihi
1265 1400 1382 1458 fuit
1427 1421 1545 1459 non
1593 1402 1779 1460 solum
1830 1401 1970 1478 quia
2017 1400 2282 1459 continet
2328 1421 2617 1459 commen·
2731 1436 2735 1440 Δ

375 1487 694 1561 tationem,
742 1489 1152 1548 brevissimam
1199 1489 1362 1547 illam
1410 1490 1648 1565 quidem
1696 1490 1799 1548 sed
1844 1490 2273 1561 doctissimam,
2320 1490 2393 1547 de
2440 1490 2619 1569 schis-

374 1583 534 1635 mate
581 1577 741 1636 inter
784 1577 1066 1636 Britones
1113 1584 1174 1637 et
1219 1577 1545 1651 Romanos,
1595 1579 1697 1637 sed
1745 1579 1886 1654 quia
1932 1600 2136 1636 eorum
2173 1598 2419 1655 quoque
2466 1579 2618 1636 anti·

372 1665 622 1739 quitatis
682 1666 1187 1739 testimoniorum,
1269 1688 1437 1744 quae·
1481 1668 1687 1744 lingua
1752 1667 1979 1726 Celtica
2055 1668 2389 1745 conscripta
2464 1672 2625 1739 sunt,

371 1754 649 1813 notitiam
680 1755 825 1813 mihi
858 1755 1238 1832 comparavit.
1332 1756 1447 1814 His
1479 1757 1784 1815 doctrinae
1817 1756 2148 1834 praesidiis,
2197 1757 2410 1832 quibus
2457 1777 2617 1814 acce·

373 1841 611 1914 debant,
646 1863 797 1918 quae
827 1842 1073 1905 Plittius
1106 1845 1191 1918 (in
1211 1840 1545 1914 Zeitschrift
1559 1844 1675 1926 fiir
1688 1842 2203 1905 Protestantismue
2233 1844 2357 1904 und
2380 1840 2620 1903 Kirche.

372 1926 694 2010 Efflanyen.
734 1932 928 2008 1864)
955 1940 1015 1990 et
1038 1932 1422 1991 Friedrichus
1455 1929 2056 2014 (Kirchenyeschichte
2072 1929 2509 1992 Deutschlands
2531 1934 2619 2005 II,

378 2019 502 2077 135
552 2021 724 2096 sqq.),
784 2020 1047 2078 Ebrardi
1094 2023 1655 2081 commentationum
1716 2043 2021 2080 censuram
2082 2022 2422 2094 scribenteS,
2485 2042 2617 2099 per·

371 2109 575 2184 paucis
637 2108 711 2166 de
772 2114 976 2167 nostra
1036 2131 1100 2168 re
1161 2110 1652 2188 disputaverunt,
1732 2111 2021 2187 denique,
2100 2130 2250 2186 quae
2311 2111 2619 2169 Hertelius

371 2192 652 2271 (Kaknis,
701 2193 1034 2279 Zeitsclzr‘g‘ft
1062 2196 1177 2279 fiir
1220 2198 1277 2257 d.
1325 2196 1451 2258 hist.
1496 2196 1687 2258 Theol.
1742 2200 1929 2272 1875,
1980 2198 2356 2275 396—454)
2402 2200 2475 2258 de
2508 2199 2618 2259 Co-

374 2287 576 2345 lumba
607 2286 973 2346 Luxoviensi
1022 2287 1316 2361 disseruit,
1366 2295 1427 2346 et
1473 2289 1578 2365 qui
1622 2288 2013 2365 posteriorum
2060 2295 2393 2364 temporum
2438 2289 2618 2347 ratio-

370 2395 503 2433 nem
562 2376 926 2448 habuerunt,
1003 2375 1258 2434 Braunii
1318 2377 1390 2435 de
1437 2376 1680 2436 Culdeis
1738 2377 1976 2436 libellus
2035 2372 2258 2451 (Bonn.
2322 2380 2495 2452 1840)
2558 2385 2620 2437 et

372 2463 818 2522 Wattenbachii
879 2465 952 2523 de
1015 2464 1325 2524 Scotorum
1394 2466 1884 2526 monasteriorum
1947 2467 2404 2542 congregatione
2465 2487 2617 2524 com-

370 2552 658 2610 mentatio
706 2553 794 2629 (in
845 2574 900 2612 v.
954 2548 1140 2627 Quasi.
1153 2598 1170 2624 ,
1232 2549 1562 2635 Zeitsclmfl
1591 2553 1706 2637 fiir
1749 2551 2063 2614 christliche
2107 2550 2512 2635 Arclzdoloyie.
2564 2557 2592 2612 1
2605 2599 2618 2613 .

378 2641 590 2717 1856),
653 2647 973 2700 exornatus
1033 2643 1207 2701 initio
1263 2664 1381 2701 rem
1446 2664 1762 2721 aggressus
1823 2651 1884 2702 et
1929 2650 2119 2703 totam
2164 2643 2378 2702 studiis
2423 2665 2618 2720 perse-

373 2735 547 2788 cutus
579 2750 724 2803 sum,
773 2738 1091 2806 antequam
1124 2730 1271 2791 alios
1302 2732 1486 2790 libros
1518 2753 1948 2809 cognoscerem,
1982 2752 2228 2808 quorum
2262 2733 2618 2790 mentionem

371 2818 536 2894 prius
582 2839 699 2877 non
748 2820 1106 2879 inveneram.
1198 2820 1381 2878 Forte
1414 2822 1570 2880 enim
1601 2821 1801 2881 inveni
1831 2820 2227 2896 Loeningium
2262 2815 2620 2895 (Gesclzichte

374 2904 474 2964 des
521 2903 826 2966 deutschen
871 2903 1364 2968 Kirclzenrechtes.
1429 2907 1521 2968 II.
1580 2910 1764 2967 1878.
1811 2929 1868 2985 p.
1917 2909 2296 2985 411—447)
2356 2907 2620 2966 Ebrardi

375 2995 735 3053 sententiam
767 2996 1129 3054 examinasse
1161 2997 1331 3057 brevi
1376 2998 1478 3055 illa
1524 2998 1764 3074 quidem
1811 2996 2303 3056 commentatione
2347 2997 2449 3055 sed
2496 3017 2615 3054 om-

373 3082 558 3156 nium,
607 3103 757 3161 quae
803 3085 866 3142 in
913 3093 1117 3143 nostra
1162 3092 1339 3162 gente
1385 3087 1459 3146 de
1505 3088 1616 3145 hac
1661 3108 1725 3144 re
1773 3086 2141 3163 conscriptae
2188 3091 2326 3143 sunt
2356 3106 2464 3162 per
2493 3077 2619 3144 tres

373 3191 558 3231 annos
608 3173 884 3250 optima.1
975 3173 1188 3232 Eidem
1235 3174 1566 3253 Loeningio
1614 3176 1824 3249 debe0,
1890 3175 2046 3252 quod
2109 3174 2359 3250 cognovi
2407 3174 2618 3233 Varini

371 3257 562 3320 &tudes
590 3258 850 3321 relatives
882 3261 922 3321 ὰ
949 3259 1101 3321 Vetat
1122 3259 1407 3344 politique
1437 3272 1488 3323 et
1516 3261 1796 3344 reliqieum
1826 3262 1926 3323 des
1957 3260 2056 3322 iles
2086 3260 2509 3344 Britanniques
2540 3283 2619 3322 au

370 3358 622 3409 moment
667 3349 739 3408 de
783 3347 1084 3410 l'invasion
1129 3371 1386 3412 saxonne
1416 3350 1757 3427 (Memoires
1791 3349 2085 3432 presentes
2121 3371 2245 3433 par
2284 3350 2398 3410 div.
2429 3371 2548 3411 sav.
2580 3350 2619 3409 ὰ

370 3434 573 3496 Bacad.
621 3437 721 3498 des
765 3437 1135 3521 inscriptions
1179 3448 1231 3498 et
1275 3438 1675 3501 belles-lettres.
1726 3445 1772 3500 1.
1813 3438 1991 3510 Sem,
2055 3435 2114 3496 V
2134 3436 2304 3498 Part.
2354 3442 2399 3497 1.
2450 3442 2615 3499 1857.

360 3548 429 3605 p.
468 3529 499 3584 1
529 3531 656 3608 sqq)
689 3533 751 3586 et
795 3548 898 3586 sur
945 3524 1024 3587 les
1070 3548 1268 3588 causes
1315 3528 1387 3590 de
1430 3528 1491 3589 la
1536 3529 1856 3591 dissidence
1900 3536 2053 3588 emere
2097 3525 2306 3607 Peqlise
2351 3525 2617 3588 bretonne

372 3622 423 3672 et
468 3611 674 3694 Be'ylise
716 3614 979 3675 romaine
1026 3617 1192 3693 (ibid.
1228 3619 1285 3690 2,
1326 3619 1493 3677 1858
1533 3640 1591 3696 p.
1626 3621 1710 3676 88
1744 3618 1921 3696 sqq.).
2015 3617 2279 3690 Quarum
2327 3637 2615 3675 commen·
2645 3654 2662 3669 κ

371 3703 666 3761 tationum
712 3707 878 3781 prior
922 3706 1165 3763 minoris
1210 3709 1494 3767 momenti
1548 3715 1641 3767 est
1688 3728 1865 3785 quam
1925 3706 2141 3778 altera,
2206 3706 2308 3764 sed
2363 3713 2616 3782 utraque

373 3791 730 3851 doctissima.
820 3792 1048 3852 Tamen
1079 3814 1151 3851 ex
1182 3801 1436 3872 utraque
1484 3798 1734 3856 multum
1780 3797 2008 3854 fructus
2056 3814 2173 3852 non
2219 3794 2349 3871 cepi
2396 3794 2616 3871 partim

553 4002 575 4034 ¹
612 4000 794 4055 Multo
832 3999 1038 4053 melior
1074 4004 1160 4054 est
1196 4004 1256 4054 et
1291 4000 1349 4054 in
1388 4019 1488 4057 suo
1541 4019 1751 4071 genere
1801 4003 2057 4071 perfecta
2105 4000 2381 4064 ,Schoellii
2417 4003 2487 4056 de
2527 4020 2615 4057 ec-

375 4054 545 4126 oiesffi
584 4072 803 4127 Celtica
839 4071 1241 4126 commentatio
1281 4072 1341 4125 in
1378 4073 1809 4145 Herzog-Plitt,
1857 4073 1928 4127 R.
1975 4073 2043 4129 E.
2085 4070 2275 4139 vm,
2316 4074 2623 4139 sai-355,-

375 4160 543 4212 quam
578 4161 693 4196 non
729 4160 829 4197 suo
868 4143 995 4196 loco
1045 4142 1256 4196 editam
1302 4142 1653 4214 negligentia
1699 4145 1940 4215 quadam
1988 4144 2373 4213 praetermisi,
2436 4145 2618 4207 donec

375 4214 636 4267 libellum
674 4230 860 4268 meum
898 4213 1129 4282 perfeci.
1208 4213 1365 4267 Tunc
1404 4215 1646 4269 maximo
1686 4234 1812 4270 cum
1851 4216 2055 4285 gaudio
2094 4216 2250 4269 illam
2290 4216 2430 4287 legi,
2471 4220 2614 4270 atta-

374 4301 518 4350 men,
562 4285 672 4338 etsi
707 4286 766 4338 in
804 4285 1092 4339 nonnullis
1120 4284 1434 4339 Schoellius
1474 4286 1641 4340 aliter
1678 4287 1853 4341 sensit
1890 4292 2058 4356 atque
2098 4303 2219 4356 eg0,
2260 4303 2373 4339 non
2413 4287 2614 4354 habe0,

373 4356 526 4424 quod
575 4357 714 4409 meis
761 4356 992 4424 addam;
1048 4356 1329 4426 integram
1379 4358 1567 4426 potius
1614 4358 1787 4411 malui
1836 4358 2154 4426 legentibus
2193 4357 2398 4412 offerre
2434 4375 2617 4413 meam

375 4427 908 4480 commentationem
946 4428 1382 4496 comparandam
1422 4446 1549 4482 cum
1590 4428 1966 4485 Schoelliana.

2118 4517 2189 4571 1*
