3134 5034
1510 241 1956 298 ..33-

621 416 996 497 praedicasse
1042 416 1308 495 prodidit
1354 418 1455 492 (cf.
1498 417 1697 493 infra),
1752 415 2025 479 Muirchu
2071 422 2269 476 autem
2316 417 2469 479 sicut
2512 417 2908 494 posterioris

616 507 901 584 temporis
962 506 1280 582 scriptores
1342 525 1473 565 cum
1533 505 1681 563 alias
1725 505 1989 563 Patricio
2052 525 2184 564 cum
2229 506 2394 565 Mose
2440 505 2901 567 similitudines

617 596 799 657 fuisse
843 600 971 652 tum
1025 595 1146 652 120
1196 614 1380 653 annos
1426 599 1631 652 natum
1679 600 1929 653 mortem
1975 613 2106 653 eum
2151 594 2369 653 obiisse
2415 599 2674 654 testatur
2712 595 2899 671 (vid.

616 682 873 743 Betham
917 681 1004 753 H,
1051 702 1186 759 app.
1232 702 1289 758 p.
1335 681 1462 741 XV
1510 688 1574 740 et
1616 681 1820 758 XVI),
1875 682 2031 740 unde
2078 683 2494 759 suspicandum
2540 689 2630 742 est
2673 683 2893 741 111111·-

618 773 831 831 6111111111
891 771 1067 830 sicuti
1121 770 1480 846 posteriores
1537 771 1839 847 putavisse
1885 770 2217 829 Patricium
2266 772 2349 829 60
2397 772 2492 830 vel
2541 773 2622 831 72
2671 792 2894 831 annos

617 863 682 920 in
712 860 1007 919 Hibernia
1052 879 1178 918 esse
1224 865 1552 931 moratum3
1602 859 1854 935 denique
1900 859 2193 918 Muirchui
2240 860 2530 918 narratio:
2591 860 2892 920 Patricio

620 949 884 1027 cupienti
929 948 1130 1007 videre
1176 949 1371 1007 sedem
1412 947 1800 1025 apostolicam
1832 954 1892 1005 et
1923 947 2147 1008 discere
2179 948 2535 1026 sapientiam
2566 948 2628 1006 in
2659 948 2888 1007 animo

618 1039 798 1100 fuisse
829 1036 1083 1099 Romam
1129 1035 1423 1114 proficisci
1475 1070 1551 1080 -
1604 1036 1751 1094 adeo
1795 1036 2031 1095 fabulae
2075 1036 2248 1095 fictae
2294 1036 2549 1114 speciem
2593 1039 2886 1114 praebet,

618 1135 688 1187 ut
731 1126 904 1186 facile
950 1125 1066 1184 tibi
1110 1124 1493 1203 persuadeas,
1552 1123 1974 1197 Tirechanum‚
2032 1126 2145 1184 etsi
2191 1145 2309 1183 non
2352 1126 2441 1185 ita
2487 1127 2675 1185 multo
2722 1132 2884 1185 ante

618 1214 992 1274 Muirchuum
1047 1213 1313 1291 scripsit,
1373 1218 1578 1273 tamen
1621 1212 1882 1271 fabulam
1927 1212 2026 1286 iis,
2088 1234 2239 1291 quae
2282 1213 2556 1273 Muirchu
2603 1220 2884 1287 enarrat,

620 1305 807 1363 multo
853 1302 1266 1362 vetustiorem·
1289 1301 1665 1377 consignasse
1711 1300 1947 1360 litteris.

797 1391 888 1453 At
946 1391 1103 1449 unde
1163 1392 1386 1449 factum
1449 1395 1564 1463 est,
1627 1396 1697 1449 ut
1739 1390 2011 1449 Muirchu
2066 1390 2139 1448 de
2183 1389 2435 1450 Patricii
2490 1391 2708 1450 itinere
2755 1412 2882 1470 per

622 1480 855 1540 Gallias
901 1486 963 1539 et
1007 1478 1251 1539 Italiam
1298 1480 1484 1538 verba
1529 1499 1648 1536 non
1693 1478 1960 1537 faceret?

795 1567 1176 1627 Perdifficilis
1207 1567 1352 1626 haec
1386 1566 1673 1644 quaestiO,
1722 1566 2071 1644 praesertim
2104 1585 2252 1639 cum,
2301 1588 2451 1644 quae
2483 1568 2758 1626 Muirchu
2792 1569 2880 1628 de

617 1657 870 1717 Patricii
910 1661 1226 1733 juventute
1274 1662 1335 1715 et
1380 1656 1670 1715 servitute
1716 1656 2069 1728 narraverit,
2115 1655 2232 1714 nisi
2277 1677 2349 1714 ex
2395 1656 2674 1733 capitulis
2716 1654 2878 1715 Aidi

617 1747 788 1806 nobis
834 1751 1042 1805 notum
1088 1765 1206 1802 non
1238 1745 1332 1817 sit,
1379 1765 1574 1820 neque
1616 1765 1790 1822 spero
1822 1765 1914 1802 me
1954 1764 2124 1820 posse
2155 1744 2307 1804 hanc
2339 1745 2744 1822 quaestionem
2777 1746 2878 1804 ita

620 1832 863 1908 solvere,
910 1840 981 1893 ut
1028 1835 1210 1893 etiam
1255 1832 1594 1893 nolentibus
1641 1832 2043 1910 persuadeam.
2119 1833 2434 1911 Duplicem
2479 1839 2681 1894 autem
2726 1854 2874 1912 pro-

619 1945 839 2003 ponam
885 1925 1195 1996 rationem,
1243 1943 1360 1999 qua
1405 1922 1604 1981 nescio
1652 1943 1729 1980 an
1775 1921 2044 1999 quaestio
2076 1920 2180 1979 illa
2211 1924 2494 1982 solvatur.
2570 1924 2727 1984 Nam
2758 1929 2878 1982 aut

618 2013 959 2090 ignorantia
981 2018 1086 2071 aut
1104 2012 1177 2070 de
1197 2011 1492 2069 industria
1504 2011 1777 2071 Muirchu
1798 2010 1870 2068 de
1890 2010 2205 2069 itineribus
2222 2011 2341 2071 illis
2361 2012 2546 2070 verba
2566 2032 2686 2071 non
2701 2012 2871 2071 fecit.

797 2100 1150 2177 Ignorantia
1203 2101 1424 2158 factum
1482 2119 1607 2158 esse
1631 2099 1859 2172 “nobis,
1919 2100 1969 2158 si
2025 2100 2314 2177 placeret,
2376 2105 2592 2178 putare
2636 2101 2872 2173 liceret,

623 2189 763 2267 quia
792 2189 921 2267 ipse
945 2188 1219 2248 Muirchu
1246 2206 1449 2266 parva
1466 2186 1708 2268 peritia,
1737 2186 1965 2247 incertis
1996 2186 2345 2260 auctor-ilaue,
2377 2187 2664 2249 memoria
2686 2186 2874 2260 labili,

620 2277 816 2338 attvito
860 2296 1029 2338 sensu
1075 2273 1290 2336 librum
1334 2296 1505 2334 suum
1550 2297 1613 2335 se
1660 2277 2074 2354 conscripsisse
2121 2277 2435 2338 confitetur
2465 2278 2746 2353 (Betham
2777 2278 2874 2351 II,

622 2388 759 2445 app.
792 2389 849 2445 p.
882 2365 1156 2442 XLIH).
1219 2364 1446 2424 Tamen
1493 2371 1554 2423 et
1603 2364 1744 2441 quia
1788 2365 1889 2424 vix
1935 2366 2217 2426 credibile
2250 2373 2340 2426 est
2375 2366 2747 2427 Muirchuum
2788 2388 2873 2425 ne

621 2455 1027 2516 tenuissimam
1088 2453 1325 2531 quidem
1371 2453 1736 2511 auditionem
1795 2454 2087 2533 accepisse
2134 2455 2207 2513 de
2251 2455 2505 2514 Patricii
2549 2454 2875 2519 itineribus

621 2565 730 2623 per
795 2543 1053 2602 Galliam
1115 2549 1177 2601 et
1220 2541 1465 2600 Italiam
1525 2548 1586 2601 et
1647 2542 1789 2618 quia
1849 2563 1981 2601 cum
2040 2544 2244 2602 fabula
2302 2545 2407 2601 illa
2468 2545 2540 2602 de
2603 2543 2874 2603 Patricio

622 2635 876 2692 Romam
923 2631 1090 2689 adire
1151 2629 1424 2707 cupiente
1484 2635 1613 2688 tum
1673 2632 1879 2704 verba,
1944 2651 2095 2708 quae
2152 2632 2215 2689 in
2262 2638 2525 2691 extremo
2572 2632 2875 2691 Muirchui

625 2722 778 2780 libro
826 2725 1065 2780 exstant
1107 2718 1410 2797 prioribus
1441 2739 1631 2796 paene
1662 2720 1958 2778 contraria
1988 2719 2231 2779 haecce:
2277 2717 2351 2779 P.
2384 2717 2679 2800 colloquiis
2696 2718 2872 2801 sme-

626 2808 797 2869 bacur
818 2804 1149 2889 anquelicis,
1172 2815 1484 2888 antequam
1507 2808 1581 2868 de
1604 2805 1803 2868 Scotia
1825 2807 1909 2868 ad
1923 2804 2174 2867 Latinos
2185 2816 2456 2888 perqeret
2480 2809 2760 2884 (Betham
2779 2809 2872 2882 II,

624 2919 763 2976 app.
799 2919 867 2997 p.
915 2897 1140 2973 XVII)
1187 2897 1533 2957 testimonio
1588 2917 1712 2956 esse
1766 2903 2016 2974 possunt
2060 2897 2433 2957 Muirchuum
2477 2898 2636 2956 fama
2683 2917 2870 2974 quan-

628 3073 1009 3135 verisimilius
1055 3073 1202 3131 mihi
1248 3073 1487 3133 videtur
1532 3094 1659 3134 esse
1689 3074 2061 3133 Muirchuum
2108 3073 2179 3132 de
2210 3073 2507 3133 industria
2537 3076 2721 3135 verba
2752 3095 2871 3133 non

625 3161 837 3221 fecisse
886 3162 960 3221 de
1004 3162 1111 3223 illa
1156 3182 1236 3220 re.

806 3249 1191 3309 Adminiculo
1255 3271 1381 3310 esse
1435 3257 1637 3328 potest
1690 3249 1827 3308 huic
1884 3250 2150 3327 opinioni
2196 3250 2431 3309 dicendi
2475 3273 2689 3328 genus,
2753 3274 2866 3329 quo

626 3340 902 3399 Muirchu
932 3360 1072 3399 usus
1103 3347 1210 3401 est.
1279 3338 1513 3398 Audias
1545 3338 1797 3397 haecce
1780 3357 1842 3394 111
1869 3338 2145 3414 capitulis
2170 3337 2319 3397 Aidi
2342 3339 2565 3418 scripta
2591 3341 2866 3417 (Betham

630 3431 666 3487 l.
702 3449 748 3486 c.
782 3451 840 3506 p.
874 3427 1154 3506 XLIII):
1201 3424 1302 3487 De
1347 3436 1530 3488 aetate
1575 3425 1697 3508 ejus
1747 3425 1985 3508 quando
2029 3424 2149 3486 iens
2194 3425 2388 3488 videre
2420 3428 2615 3489 sedem
2644 3437 2864 3529 aposto-

627 3515 805 3577 licam
863 3513 1041 3577 voluit
1100 3515 1317 3577 discere
1371 3514 1734 3596 sapientiam.
1784 3549 1868 3558 --
1915 3510 2014 3573 De
2065 3513 2382 3576 inventione
2426 3515 2612 3576 sancti
2649 3516 2867 3598 yenemls

626 3604 689 3665 in
740 3599 953 3665 Galliis
998 3614 1049 3664 et
1092 3605 1223 3666 ideo
1267 3625 1385 3664 non
1445 3602 1622 3664 exivit
1663 3600 1836 3662 ultra.
1885 3639 1972 3647 —
2019 3609 2079 3663 et
2124 3603 2313 3678 dicas,
2362 3626 2553 3664 nonne
2598 3606 2867 3665 Muirchu

629 3693 774 3772 ipsis
819 3695 893 3753 iis
939 3694 1154 3768 verbis,
1202 3714 1452 3771 quorum
1497 3693 1602 3750 illa
1644 3693 1937 3769 praebent
1982 3699 2411 3770 argumentum,
2459 3694 2734 3753 videatur
2774 3715 2868 3753 ex-

630 3783 882 3862 plicasse
928 3804 1047 3843 non
1093 3803 1241 3861 opus
1287 3782 1468 3841 fuisse
1514 3780 1729 3839 itinere
1767 3782 2056 3840 RomanO.
2131 3782 2451 3841 Praeterea
2490 3783 2555 3840 in
2585 3783 2718 3867 ipsa
2747 3783 2868 3845 vita

630 3873 852 3951 scripta
917 3878 1056 3932 sunt
1101 3873 1184 3948 (p.
1231 3871 1323 3947 II)
1371 3871 1609 3928 haecce.
1672 3866 1747 3928 P.
1793 3869 1942 3929 venit
1997 3873 2096 3946 (ex
2144 3869 2369 3947 Gallia)
2414 3869 2478 3930 in
2521 3860 2867 3931 Britannias

632 3969 683 4020 et
738 3958 962 4022 omissis
1023 3957 1286 4019 omnibus
1339 3954 1685 4018 ambulandi
1736 3956 2094 4038 anfractibus
2125 3968 2367 4038 praeter
2411 3979 2707 4020 commone
2749 3958 2868 4020 viae

633 4048 890 4133 officium
942 4067 1110 4106 nemo
1168 4045 1320 4106 enim
1366 4043 1645 4107 dissidiae
1688 4044 1913 4127 quaerit
1956 4046 2302 4107 dominuml
2348 4068 2481 4106 cum
2528 4048 2688 4108 omni
2729 4046 2863 4108 velo-

779 4256 799 4286 ¹
841 4253 998 4322 Quae
1037 4253 1214 4307 verba
1251 4271 1437 4308 annon
1473 4259 1629 4309 recte
1667 4256 1906 4308 verterit
1932 4255 2265 4308 Bethamius
2305 4253 2383 4319 H,
2423 4272 2479 4322 p.
2509 4256 2639 4310 307·
2676 4258 2771 4324 for
2802 4273 2866 4309 no

635 4327 842 4385 sincere
879 4341 976 4379 one
1012 4323 1157 4378 seeks
1194 4324 1278 4379 the
1317 4324 1467 4380 Lord
1501 4326 1563 4380 in
1598 4325 1752 4390 vain,
1808 4325 2034 4391 dubito,
2072 4325 2171 4378 sed
2209 4341 2321 4378 non
2361 4327 2541 4383 audeo
2578 4345 2680 4395 pro
2719 4330 2862 4381 certo
