3134 5034
1231 294 1313 386 >-’
1390 343 1489 420 ,95
1596 378 1664 385 -

327 540 385 597 p.
435 516 725 595 69-72)
773 519 1080 597 episcopos
1125 520 1429 579 Romanos
1474 541 1570 593 ea,
1630 521 1704 578 de
1751 541 1869 597 qua
1913 520 2142 597 agimus
2188 527 2401 594 aetate,
2449 520 2568 579 effi-

328 627 523 666 cacem
570 608 950 667 occidentalis
994 609 1211 668 nedum
1244 610 1429 669 totius
1460 609 1736 670 ecclesiae
1767 610 2166 687 principatum
2196 629 2570 687 nequaquam

327 696 681 770 obtinuisse,
744 716 812 755 eo
873 697 1066 757 minus
1124 699 1333 775 negari
1377 705 1578 777 potest
1623 719 1748 771 eos,
1810 697 1911 775 qui
1957 695 2359 777 principatum
2402 699 2568 756 illum
2666 697 2673 704 '

328 786 622 865 episcopis
668 785 957 844 Romanis
1016 787 1316 859 tribuant,
1376 788 1488 847 hac
1539 788 1671 863 ipsa
1725 808 1789 845 re
1846 786 2154 845 manifeste
2199 788 2465 846 indicare
2508 808 2571 845 se

327 894 453 934 esse
514 880 576 932 et
629 876 781 933 velle
834 894 961 934 esse
1014 876 1339 955 participes
1393 877 1596 949 unius,
1662 882 1842 955 prout
1895 882 2039 934 tunc
2093 876 2571 954 intellegebatur,

327 969 567 1023 sanctae
623 964 899 1022 ecclesiae
955 966 1295 1024 catholicae.
1389 964 1554 1024 Talis
1603 972 1732 1025 erat
1778 964 2083 1026 Columba.
2176 964 2369 1023 Olaris
2416 965 2571 1023 enim

325 1052 543 1124 verbis,
590 1052 957 1126 clarioribus,
1004 1074 1182 1131 quam
1226 1054 1383 1113 ullus
1415 1054 1750 1130 aequalium
1784 1057 1927 1129 ejus,
1972 1051 2374 1133 principatum
2405 1054 2572 1111 illum

324 1141 601 1219 episcopo
647 1141 920 1200 Romano
974 1143 1268 1202 attribuit.
1359 1143 1494 1202 Hoc
1548 1163 1622 1201 ex
1674 1144 1806 1221 ipsa
1861 1143 1964 1201 illa
2018 1143 2423 1202 controversia
2466 1163 2570 1219 pa·

324 1229 508 1288 schali
554 1230 1015 1290 luculentissime
1061 1238 1328 1310 apparet.

505 1316 873 1392 Columbam‚
921 1340 1054 1380 cum
1099 1320 1475 1398 cognovisset
1505 1320 1770 1380 Francos
1801 1321 2058 1382 Victorii
2104 1322 2265 1398 cyclo
2305 1320 2573 1399 paschali

323 1411 564 1465 utentes
610 1406 683 1465 de
730 1409 1142 1486 computandis
1171 1410 1339 1470 festis
1370 1409 1579 1468 diebus
1611 1407 1985 1487 paschalibus
2015 1430 2211 1469 secum
2242 1409 2573 1481 dissentire,

326 1515 493 1555 suam
548 1495 932 1555 traditionem
986 1518 1189 1557 veram
1247 1503 1426 1575 atque
1482 1498 1832 1557 catholicam
1879 1499 2181 1576 putavisse
2227 1518 2423 1576 supra,
2445 1501 2572 1574 jam

325 1583 598 1643 vidimus.
690 1584 909 1646 Fretus
972 1587 1162 1663 igitur
1220 1585 1565 1648 traditionis
1628 1608 1769 1646 suae
1832 1589 2089 1648 veritate
2147 1588 2275 1666 ipse
2340 1592 2573 1645 contro·

324 1673 555 1731 versiae
598 1693 835 1733 causam
880 1676 1141 1734 inferens
1173 1674 1531 1753 Gregorium
1571 1696 1789 1756 papam
1819 1697 1929 1755 per
1957 1676 2188 1736 litteras
2221 1675 2575 1755 appellavit:

335 1759 574 1833 „miron
602 1759 821 1844 fateor,
866 1763 1081 1840 inquit,
1128 1783 1168 1822 a
1211 1772 1263 1825 te
1294 1761 1445 1823 hunc
1478 1758 1714 1825 Galliae
1742 1784 1996 1826 errorem
2029 1806 2042 1823 .
2077 1809 2089 1823 .
2124 1812 2139 1826 .
2159 1761 2296 1846 jam
2326 1762 2431 1823 diu
2458 1784 2576 1823 non

308 1848 504 1931 faisse
546 1870 771 1922 rasum,
817 1851 934 1912 nisi
944 1850 1108 1933 forte
1129 1861 1348 1935 putent,
1380 1852 1540 1935 quod
1567 1852 1668 1914 vim
1697 1854 1928 1914 eredere
1945 1849 2212 1936 possum,
2259 1852 2405 1913 dum
2443 1871 2577 1912 eum

328 1947 549 1999 constat
593 1960 634 1999 a
677 1948 729 1999 te
771 1960 890 2000 non
918 1939 1112 2021 fiii-sse
1155 1941 1541 2013 emendatum,
1586 1942 1755 2021 apud
1791 1951 1844 2002 te
1874 1961 1991 2002 esse
2007 1940 2332 2022 probatum
2363 1943 2481 2018 (ep.
2518 1941 2574 2013 5,

329 2050 388 2106 p.
438 2029 519 2086 32
569 2028 644 2105 O)
692 2073 705 2087 .
740 2073 753 2087 .
786 2072 801 2087 .
842 2039 943 2089 aut
988 2049 1201 2090 excusa
1246 2038 1349 2090 aut
1392 2030 1618 2091 damna
1679 2026 2000 2090 Victoriam
2045 2031 2149 2107 (ib.
2196 2030 2292 2106 F).
2368 2030 2575 2106 Neque

331 2118 483 2177 hanc
542 2117 909 2193 dijudicandi
966 2125 1327 2196 potestatem
1385 2140 1580 2198 papae
1636 2140 1755 2178 non
1801 2117 2084 2180 attribuit
2126 2118 2242 2177 nisi
2289 2118 2572 2196 quamdin

332 2207 602 2296 speravit
646 2207 799 2280 fore,
846 2214 915 2267 ut
962 2229 1120 2287 papa
1166 2229 1202 2266 a
1248 2229 1355 2267 sua
1398 2214 1571 2286 parte
1617 2215 1822 2283 staret,
1868 2210 2048 2267 immo
2093 2203 2411 2285 postquam
2457 2199 2575 2266 sibi

330 2285 626 2374 persuasit
685 2297 968 2358 ecclesiae
1014 2297 1321 2356 Romanae
1376 2252 1861 2357 consuetudinein
1920 2297 2166 2357 eandem
2223 2317 2348 2355 esse
2394 2302 2575 2372 atque

333 2383 662 2457 Gallorum,
707 2391 851 2443 tunc
895 2385 1239 2446 facultatem
1287 2386 1673 2464 permanendi
1718 2387 1781 2445 in
1829 2407 1936 2446 sua
1981 2386 2303 2445 traditione
2350 2406 2386 2443 a
2406 2405 2574 2485 'papa

335 2473 451 2533 sibi
506 2428 903 2550 quaerendam
949 2493 1073 2535 esse
1120 2495 1361 2542 censens
1409 2474 1716 2534 Bonifatio
1764 2496 1955 2554 papae
2002 2474 2261 2552 scripsit:
2327 2471 2417 2547 „si
2457 2492 2576 2531 non

332 2569 538 2621 eontra
544 2560 739 2644 fldem
768 2571 865 2633 est,
896 2572 1230 2623 nostrorum
1258 2562 1632 2623 traditionem
1660 2563 1896 2624 robores
1918 2562 2226 2634 senimwn,
2257 2581 2372 2643 quo
2395 2559 2575 2620 ritum

324 2647 581 2730 paschae
617 2650 762 2710 sicut
791 2651 1115 2732 accepimus
1146 2672 1184 2710 a
1215 2648 1536 2733 majoribus
1566 2651 1868 2712 observare
1893 2671 2021 2731 per
2064 2661 2257 2711 tuum
2274 2648 2578 2730 possimus

318 2736 676 2820 judicium
735 2738 797 2799 in
855 2749 1058 2800 nostra
1109 2739 1613 2822 peremimtionffl
1668 2743 1785 2821 (ep.
1841 2743 1892 2813 1,
1939 2763 1996 2818 p.
2046 2742 2132 2798 24
2177 2740 2274 2816 F).
2366 2739 2576 2815 Neque

329 2828 452 2890 ulla
512 2835 654 2888 tunc
713 2829 775 2886 in
832 2830 1030 2888 sedem
1088 2830 1473 2907 apostolicam
1529 2832 1916 2889 exacerbatus
1972 2836 2103 2887 erat
2147 2828 2576 2905 indignatione,

331 2917 513 2976 etiam
558 2923 701 2976 tunc
748 2919 1027 2998 cupiebat
1070 2937 1266 2978 omnes
1310 2917 1438 2978 sedi
1477 2915 1828 2998 apostolicae
1846 2916 2264 2997 praesidentes,
2312 2912 2575 2974 dulcissi-

330 3025 458 3066 mos
517 3004 781 3066 omnibus
818 3004 1118 3089 praesules
1143 3004 1452 3091 fidelibus,
1500 3027 1572 3066 ae
1615 3006 1819 3067 merito
1866 3002 2168 3089 apostolici
2206 3001 2443 3064 honoris
2487 3020 2575 3062 re-

331 3094 774 3155 verendissimos
821 3104 1029 3175 patres
1087 3094 1321 3156 visitare
1366 3096 1533 3172 (ibid.
1582 3096 1684 3173 D).
1774 3096 1940 3174 Ergo
1996 3115 2116 3154 non
2164 3094 2441 3153 simulata
2487 3098 2578 3152 est

331 3184 668 3243 reverentia
727 3184 858 3256 illa,
920 3204 1038 3260 qua
1098 3190 1422 3244 commotus
1486 3184 1792 3243 Bonifatio
1855 3205 2046 3263 papae
2108 3183 2426 3260 epistulam
2487 3181 2576 3239 in·

331 3274 574 3351 scripsit
618 3280 688 3333 ut
720 3269 1124 3351 pulcherrimo
1170 3272 1433 3332 omnium
1461 3271 1634 3332 totius
1668 3270 1949 3353 Europae
1978 3269 2348 3332 eeclesiarum
2379 3268 2576 3349 capiti,

325 3380 525 3444 papae
533 3359 866 3442 praedulci,
876 3358 1185 3441 praecelso
1202 3359 1483 3441 praesuli,
1495 3370 1816 3440 pastorum
1824 3359 2065 3442 pastori
2082 3362 2198 3437 (ep.
2218 3360 2276 3432 4,
2300 3380 2359 3437 p.
2380 3359 2462 3415 28
2477 3359 2577 3433 Ε),

331 3471 473 3528 ergo
519 3469 641 3509 non
685 3451 995 3510 blanditiis
1039 3471 1181 3510 usus
1231 3484 1308 3495 —-
1360 3452 1628 3528 profecto
1675 3450 1962 3509 Columba
2009 3469 2129 3508 non
2175 3448 2225 3506 is
2270 3451 2426 3519 erat,
2475 3446 2579 3523 qui

331 3540 707 3601 blandiretur
751 3574 840 3585 -—
894 3536 1116 3613 „libere⁷
1163 3540 1376 3616 inquit,
1424 3536 1662 3620 eloquar
1709 3539 1928 3617 [papis]
1960 3535 2173 3598 nostris
2212 3544 2407 3616 utpote
2450 3553 2576 3593 ma-

328 3627 527 3711 gistris
571 3647 643 3687 ac
687 3625 1008 3709 spiritualis
1052 3627 1218 3688 navis
1259 3625 1775 3708 qabmatmbus“
1828 3628 1934 3703 (ib.
1984 3628 2067 3685 28
2116 3625 2217 3703 Gr),
2273 3645 2414 3702 ergo
2461 3643 2578 3682 non

330 3718 471 3778 ficta
518 3723 649 3777 erat
694 3718 1071 3777 oboedientia
1116 3717 1397 3776 dicentis:
1454 3736 1594 3790 „nos
1641 3716 1795 3776 enim
1838 3710 1951 3776 SS.
1993 3712 2162 3775 Petri
2204 3722 2256 3774 et
2300 3710 2486 3773 Pauli
2528 3720 2580 3772 et

333 3804 597 3868 omnium
640 3803 1066 3886 discipulomm
1110 3804 1375 3866 divinum
1419 3824 1698 3865 canonem
1729 3799 1957 3886 Spivitu
1985 3812 2183 3865 sancto
2213 3800 2581 3862 scribentium

332 3893 611 3978 discipuli
649 3914 868 3967 sumus,
912 3893 1017 3955 toti
1043 3892 1267 3955 Heberi
1310 3895 1419 3973 [=
1452 3914 1653 3954 omnes
1683 3894 1983 3971 Hiberni],
2015 3890 2208 3952 ultimi
2232 3888 2581 3950 habitatores

332 3982 546 4044 mundi
563 3980 709 4043 mihil
729 3992 896 4044 extra
918 3981 1306 4064 evanyelicam
1327 3992 1380 4042 et
1402 3980 1787 4063 apostolicam
1806 3981 2137 4043 doctrinam
2156 3977 2547 4059 reeipiewtes„

310 4072 473 4156 fides
517 4069 801 4133 catholica
843 4071 990 4131 sieut
1032 4093 1073 4132 a
1101 4071 1259 4132 vobis
1277 4071 1552 4153 primum
1581 4080 1915 4132 sanctorum
1943 4068 2157 4131 scilicet
2178 4065 2581 4151 apostolorum

335 4159 751 4221 suecessoribus
809 4159 1031 4220 tradita
1090 4169 1172 4222 est
1233 4162 1417 4240 [apud
1477 4162 1611 4239 nos]
1658 4160 2000 4220 inconcussa
2043 4167 2261 4220 tenetur
2278 4157 2304 4194 1
2351 4159 2470 4235 (ep.
2519 4156 2578 4228 4,

313 4315 318 4320 ·
481 4303 504 4335 ²
542 4299 839 4369 Quomodo
866 4297 1158 4353 Ebrardus
1199 4301 1278 4367 (p.
1309 4300 1401 4367 15)
1439 4298 1498 4351 in
1535 4297 1624 4351 his
1661 4298 1848 4351 verbis
1882 4296 2267 4351 testimonium
2294 4291 2581 4347 invenerit

335 4373 475 4442 „fu‘r
511 4372 612 4427 das
648 4368 1103 4426 ausschlieeeliche
1126 4370 1376 4425 Ansehen
1414 4370 1509 4423 der
1546 4369 1616 4424 hl.
1643 4368 1908 4437 Schrift‘ss
1949 4386 2063 4423 non
2101 4366 2390 4435 intellego.
2456 4363 2577 4416 Ad-

335 4414 444 4500 huc
492 4444 644 4498 enim
688 4448 918 4497 nostrae
970 4442 1173 4495 aetatis
1228 4440 1495 4495 catholici
1546 4440 1749 4494 iisdem
1787 4409 1974 4494 verbis
2012 4440 2096 4494 uti
2133 4439 2395 4506 possunt,
2447 4434 2581 4505 quia
