3134 5034
1473 252 1917 312 —24—

576 434 659 513 (h.
707 457 755 494 e.
810 437 861 507 1,
917 436 993 492 12
1043 436 1154 511 sq.)
1223 469 1293 477 —-
1367 433 1722 511 praecipuus
1784 433 1952 491 testis
2012 438 2102 490 est
2161 431 2601 490 consuetudinis
2662 428 2827 489 inter

575 522 893 584 Britonum
926 530 987 582 et
1017 523 1418 582 Romanorum
1452 522 1744 595 ecclesias,
1792 522 2013 599 quippe
2060 521 2161 596 qui
2209 522 2566 580 mentionem
2614 520 2826 579 fecerit

574 615 651 672 de
699 613 997 673 Germano
1048 634 1083 670 a
1129 610 1466 671 Ooelestino
1520 631 1679 689 papa
1732 611 1794 668 in
1841 609 2222 669 Britanniam
2266 611 2490 668 misso?
2558 609 2823 668 Minime.

576 705 899 779 Quousque
961 701 1117 759 enim
1188 701 1384 760 abiret
1446 698 1772 759 historialis
1843 698 2154 775 diligentia
2214 699 2265 756 si
2325 700 2510 758 verba
2567 703 2639 756 ut
2698 717 2822 769 „no

576 811 683 851 one
727 810 838 849 can
891 789 1040 849 read
1097 785 1189 848 the
1249 787 1436 848 work-s
1496 787 1571 870 of
1602 785 1864 869 Ρνοῳεν
1918 784 2153 847 without
2208 784 2483 868 ποιίοίπρ,
2549 784 2672 846 that
2729 783 2821 845 his

576 876 738 961 chief
756 872 934 959 object
964 898 1086 937 was
1116 886 1173 937 to
1203 875 1470 960 maqnffy
1500 874 1592 936 the
1627 875 1989 956 impmtance
2035 874 2103 958 (ᾔ
2140 873 2233 935 the
2262 872 2506 957 Pcmacy
2537 877 2819 952 (Warren

576 990 634 1045 p.
685 970 794 1045 32)
840 968 1052 1026 idonea
1100 975 1323 1040 essent,
1389 968 1604 1043 quibus
1650 967 1737 1024 de·
1771 966 1964 1024 medio
2011 966 2321 1025 tolleretur
2366 967 2445 1039 is,
2508 965 2611 1044 qui
2665 985 2818 1024 unus

579 1063 776 1116 exstat
821 1057 1076 1134 scriptor
1122 1056 1384 1134 aequalis
1429 1076 1616 1133 paene
1661 1056 1753 1127 iis,
1800 1055 1874 1113 de
1920 1056 2134 1132 quibus
2181 1075 2337 1114 nunc
2376 1056 2592 1132 agitur,
2639 1056 2817 1113 rebus

576 1146 804 1223 gestis?
871 1145 1121 1217 Dicant,
1185 1146 1286 1222 qui
1349 1145 1649 1222 Prospero
1709 1143 1884 1203 fidem
1943 1145 2164 1203 habere
2224 1143 2527 1218 dubitant,
2598 1144 2816 1215 dicant,

579 1255 890 1312 quemnam
951 1240 1166 1312 putent
1225 1233 1496 1311 dignum,
1566 1233 1661 1291 cui
1714 1232 1860 1292 fides
1915 1235 2231 1293 tribuatur.
2323 1231 2426 1292 An
2489 1240 2620 1293 erat
2630 1278 2644 1306 ,
2714 1231 2816 1308 qui

576 1324 786 1382 melius
833 1323 1089 1382 scribere
1135 1328 1336 1400 posset
1381 1322 1456 1381 de
1500 1323 1926 1381 consuetudine
1960 1323 2118 1382 inter
2146 1323 2426 1381 Britones
2455 1330 2520 1381 et
2547 1323 2816 1393 Romam,

576 1433 754 1489 quam
786 1412 1133 1490 Prosperus,
1180 1416 1391 1490 utpote
1424 1411 1528 1488 qui
1559 1412 1909 1472 secretarius
1942 1417 2095 1470 esset
2125 1412 2348 1470 Leonis
2388 1432 2582 1491 papae
2611 1411 2815 1469 eodem

578 1502 706 1580 ipso
754 1521 937 1574 anno,
1001 1520 1118 1576 quo
1171 1500 1446 1560 ultimum
1507 1500 1666 1560 illius
1713 1501 2152 1562 consuetudinis
2197 1500 2601 1560 testimonium
2647 1499 2817 1558 nobis

576 1589 877 1649 occurrit?
947 1588 1066 1649 Sed
1126 1588 1187 1649 id
1247 1591 1463 1667 ipsum,
1527 1590 1687 1667 quod
1742 1592 1984 1649 annales
2045 1589 2359 1649 Oambriae
2419 1590 2686 1648 referunt
2743 1587 2817 1647 de

574 1686 927 1737 commutato
972 1698 1105 1737 cum
1149 1698 1321 1759 papa
1367 1675 1565 1738 Leone
1611 1675 1895 1757 paschate
1910 1724 1927 1749 ‚
1995 1679 2347 1738 Warrenius
2364 1724 2378 1752 ,
2447 1679 2562 1737 nisi
2624 1678 2814 1749 fallor,

577 1767 841 1839 reticuit,
912 1766 1120 1826 dubito
1166 1788 1243 1825 an
1290 1769 1362 1825 de
1408 1767 1728 1840 industria,
1798 1789 1936 1827 nam
1992 1788 2182 1845 neque
2237 1768 2540 1826 annalium
2594 1767 2658 1826 in
2704 1766 2817 1823 hac

575 1874 640 1914 re
684 1855 831 1916 fides
878 1863 938 1915 et
983 1854 1306 1916 auctoritas
1353 1858 1448 1932 (cf.
1495 1857 1576 1915 H.
1625 1857 1742 1915 and
1788 1855 1876 1916 St.
1923 1857 1973 1926 I,
2021 1879 2078 1935 p.
2119 1856 2242 1915 152
2292 1860 2440 1934 not.)
2486 1876 2677 1933 neque
2721 1874 2816 1913 res

574 1945 704 2023 ipsa
736 1945 974 2005 videtur
1003 1965 1175 2024 posse
1222 1946 1423 2004 vocari
1468 1946 1529 2004 in
1576 1946 2030 2005 dubitationem.
2092 1945 2194 2003 An
2240 1946 2456 2004 mirum
2503 1951 2610 2018 est,
2656 1943 2815 2021 quod

573 2035 935 2112 imperatore
958 2034 1383 2094 Valentiniano
1430 2034 1550 2092 ΙΙΙ.
1598 2035 1741 2107 Leo,
1790 2035 2146 2093 clarissimus
2190 2035 2291 2092 1110
2338 2036 2646 2113 episcopus
2693 2033 2811 2091 Ro·

573 2142 809 2197 manus,
872 2123 1276 2201 principatum
1322 2124 1566 2182 tenebat
1613 2124 1674 2181 in
1722 2124 1966 2182 ecclesia
2012 2124 2326 2183 Britonum
2343 2168 2358 2198 ,
2421 2122 2521 2200 qui
2568 2145 2635 2182 eo
2681 2122 2811 2200 ipso

573 2232 729 2271 anno
777 2212 905 2269 445
920 2255 934 2284 ,
1005 2231 1122 2287 quo
1172 2211 1658 2272 Valentinianum
1721 2213 1979 2272 edictum
2043 2233 2212 2273 suum
2272 2214 2543 2273 omnibus
2605 2217 2810 2270 notum

573 2300 827 2360 edidisse
874 2306 1134 2374 constat,
1194 2300 1446 2378 imperio
1502 2300 1776 2360 Romano
1832 2303 2084 2378 subjecti
2140 2323 2264 2362 esse
2320 2323 2436 2360 non
2489 2305 2614 2378 ,iam
2660 2299 2809 2358 desi-

573 2390 789 2449 erant?
859 2388 1049 2448 Immo
1103 2390 1561 2467 persuadeamus
1609 2391 1779 2449 nobis
1823 2392 2050 2469 primae
2095 2390 2311 2450 aetatis
2356 2391 2672 2450 Britonum
2721 2409 2810 2446 ec-

571 2479 809 2539 clesiam
856 2479 928 2537 de
974 2479 1234 2556 primatu
1280 2479 1537 2537 Romani
1585 2479 1881 2557 pontificis
1928 2481 2103 2539 aliter
2158 2499 2273 2537 non
2333 2481 2582 2539 sensisse
2630 2486 2809 2554 atque

573 2575 798 2627 ceteras
843 2568 1224 2627 occidentalis
1270 2568 1506 2645 imperii
1551 2570 1904 2647 provincias.
1992 2569 2209 2628 Gildae
2256 2589 2399 2628 vero
2443 2568 2810 2647 temporibus

572 2658 791 2715 nullam
839 2656 1190 2716 Britonibus
1236 2677 1367 2715 cum
1411 2656 1699 2717 Romanis
1742 2659 2228 2718 necessitudinem
2276 2659 2456 2717 fuisse
2495 2657 2811 2716 Warrenio

571 2745 827 2804 libenter
871 2746 1143 2819 conced0‚
1191 2746 1294 2805 sed
1341 2746 1484 2822 quid
1531 2748 1605 2805 de
1648 2747 1759 2806 hac
1804 2767 1868 2804 re
1909 2747 2294 2823 judicandum
2341 2748 2420 2806 sit
2464 2767 2645 2825 supra
2684 2750 2810 2821 jam

573 2833 1025 2894 commemoravi
1071 2837 1153 2913 (p.
1207 2837 1332 2911 17).
1426 2836 1594 2909 Quae
1643 2828 1774 2895 cum
1820 2836 1908 2895 ita
1955 2836 2092 2910 sint,
2141 2857 2258 2894 non
2303 2836 2603 2909 habemus,
2652 2835 2810 2913 quod

569 2923 851 2982 Britones
905 2924 1151 2982 ineunte
1207 2925 1442 2983 saeculo
1496 2926 1750 3003 septimo
1806 2926 2051 2985 infestos
2111 2925 2290 2984 fuisse
2336 2932 2611 3002 putemus
2658 2925 2807 3002 epis·

571 3032 719 3089 copo
765 3011 1053 3069 Romano,

747 3098 996 3174 Rejecta
1049 3100 1236 3177 igitur
1280 3103 1577 3161 sententia
1624 3121 1852 3174 eorum,
1923 3102 2028 3179 qui
2069 3102 2342 3177 judicant
2393 3104 2536 3180 fuga
2589 3102 2807 3180 princi-

568 3196 747 3266 patus
791 3178 1050 3246 Romani
1096 3189 1362 3268 episcopi
1416 3192 1638 3250 factum
1696 3208 1846 3263 esse,
1907 3197 1978 3250 ut
2023 3189 2305 3250 Britones
2360 3193 2433 3250 de
2479 3191 2807 3269 Augustini

568 3277 886 3356 postulatis
932 3284 1299 3352 recusarent,
1346 3280 1424 3338 ad
1470 3287 1734 3339 nostram
1779 3279 2090 3339 redeamus
2137 3281 2563 3356 quaestionem,
2607 3286 2807 3346 utrum

569 3363 767 3429 amore
808 3385 1039 3425 morum
1086 3374 1471 3445 paternorum
1520 3368 1795 3443 commoti
1836 3367 2118 3428 Britones
2164 3369 2469 3429 renuerint
2512 3389 2632 3427 una
2677 3389 2807 3428 cum

568 3453 911 3531 Augustino
958 3457 1203 3515 verbum
1235 3458 1330 3515 dei
1363 3455 1699 3516 Saxonibus
1745 3458 2087 3535 praedicare
2134 3478 2210 3516 an
2257 3459 2553 3518 noluerint
2599 3455 2809 3535 priscis

571 3543 846 3602 abdicare
902 3545 1189 3620 moribus,
1254 3547 1393 3623 quia
1439 3547 1841 3606 abhorrebant
1888 3567 1923 3603 a
1970 3546 2391 3606 consuetudine
2448 3566 2577 3605 cum
2623 3546 2805 3606 Saxo·

568 3632 759 3691 nibus.
850 3633 1059 3710 Neque
1113 3638 1238 3710 jam
1299 3635 1445 3710 quid
1503 3635 1964 3712 respondeamus
2018 3636 2262 3695 dubium
2310 3643 2430 3710 est,
2492 3642 2808 3714 postquam

474 3756 475 3759 =
567 3720 822 3780 vidimus
878 3742 1068 3799 neque
1125 3724 1188 3781 in
1243 3722 1500 3783 Gallicia
1555 3744 1746 3800 neque
1803 3724 1866 3782 in
1915 3723 2115 3785 Gallia
2167 3726 2418 3785 similem
2473 3726 2548 3783 de
2604 3725 2808 3784 iisdem

568 3810 831 3870 moribus
887 3818 1080 3873 ortam
1140 3832 1262 3872 esse
1320 3814 1784 3872 controversiam
1830 3821 2013 3892 atque
2059 3816 2121 3873 in
2167 3813 2501 3874 Britannia.
2593 3813 2808 3873 Odium

569 3898 632 3956 in
679 3896 972 3974 Saxones,
1039 3901 1197 3978 quod
1256 3902 1477 3978 gentile
1536 3909 1667 3961 erat
1712 3903 2088 3977 Britonibus,
2149 3905 2528 3981 praecipuam
2577 3908 2807 3962 contro·

565 3988 794 4047 versiae
842 4010 1076 4049 causam
1122 3989 1301 4047 fuisse
1347 3989 1408 4045 in
1439 3990 1759 4049 Britannia
1793 3993 2166 4052 manifestum
2214 4010 2338 4051 esse
2384 3993 2528 4050 mihi
2572 3991 2809 4051 videtur

569 4076 750 4151 (idem
797 4079 984 4136 sensit
1030 4077 1222 4138 Varin
1267 4083 1437 4135 1110111.
1473 4080 1528 4151 2,
1576 4098 1633 4156 p.
1668 4081 1793 4138 227
1829 4084 2000 4158 sqq.).
2093 4081 2316 4140 Priscis
2362 4081 2639 4139 abdicare
2685 4100 2805 4137 mo-

566 4165 732 4224 ribus
791 4186 910 4223 non
971 4165 1087 4224 alio
1152 4165 1391 4224 consilio
1452 4167 1567 4227 nisi
1627 4174 1697 4226 ut
1750 4169 2091 4228 societatem
2147 4169 2531 4227 christianam
2589 4169 2807 4227 inirent

565 4272 695 4311 cum
758 4253 1058 4312 Saxonum
1121 4259 1298 4329 gente
1359 4256 1620 4314 omnium
1681 4257 1932 4315 maxime
1995 4258 2109 4316 sibi
2168 4257 2387 4330 invisa,
2444 4259 2555 4316 hoc
2602 4257 2806 4316 durius

565 4349 708 4416 erat,
758 4362 935 4423 quam
984 4342 1141 4423 quod
1184 4342 1385 4405 odium
1432 4344 1561 4405 fieri
1609 4345 1845 4404 sineret.
1908 4345 2376 4405 Acerbissimum
2423 4347 2596 4419 enim,
2626 4346 2806 4406 fuisse
