3134 5034
1199 325 1689 382 —109—

323 511 571 585 quartus
636 505 828 563 codex
881 503 1278 562 numerandus
1339 511 1455 575 est,
1539 503 1751 561 adhuc.
1802 503 2088 577 ineditus,
2170 502 2595 581 Sangallensis·

321 594 464 654 Nro.
502 591 629 651 915
680 613 829 653 saec.
875 592 941 650 X
987 594 1080 652 vel
1127 592 1243 665 XI,
1292 592 1355 650 in
1403 611 1520 669 quo
1566 598 1720 651 teste
1769 590 2088 653 Scherrero
2135 593 2578 669 (Verzeichniss

319 684 427 743 deu
486 681 959 742 Handschriften
1020 681 1127 741 der
1186 680 1700 740 Stiftsbibliothek
1762 700 1879 739 von
1940 679 2030 740 St.
2089 680 2319 746 Gallen.
2387 683 2577 741 1875.

318 794 376 850 p.
426 773 580 847 337)
642 771 847 830 eadem
905 776 1112 828 nostra
1165 770 1375 847 regula
1434 770 1796 829 coenobialis
1851 770 2157 830 invenitur
2211 792 2279 829 ac
2338 771 2577 848 quidem

320 861 621 920 simillima
667 859 927 919 breviori
971 859 1061 917 illi
1106 860 1355 929 formae,
1420 879 1573 935 quae
1631 880 1704 917 ex
1761 859 2067 918 codicibus
2110 857 2467 937 Augustano
2516 867 2579 920 et

321 949 718 1008 Oxenhusano
764 948 1024 1026 primum
1070 968 1107 1006 a
1136 947 1450 1024 Flemingo
1497 947 1712 1006 deinde
1758 948 1820 1007 in
1851 948 2011 1007 Bibl.
2044 968 2197 1007 max.
2230 948 2367 1006 XII
2414 948 2578 1007 edita

322 1045 424 1098 est·
461 1038 560 1114 (cf.
606 1037 882 1112 Loening
926 1035 1020 1109 II,
1063 1057 1122 1113 p.
1172 1037 1300 1094 433
1347 1043 1470 1096 not.
1526 1038 1605 1113 1).
1631 1036 1657 1073 ¹

502 1128 671 1201 Quae
718 1145 851 1186 cum
894 1126 991 1184 ita
1037 1126 1174 1198 sint,
1222 1126 1504 1184 adversus
1549 1126 1890 1184 Ebmrdum
1937 1128 2023 1204 (p.
2061 1126 2211 1201 149)
2258 1125 2573 1185 dicendum

321 1224 414 1278 est
467 1216 737 1293 regulam
797 1215 958 1274 illam
1022 1214 1421 1273 coenobialem
1478 1221 1737 1291 quatuor
1797 1215 2101 1274 codicibus
2160 1215 2223 1272 in
2286 1215 2377 1273 bis
2401 1214 2571 1273 'San-

322 1306 572 1384 gallensi
616 1304 788 1363 nobis
832 1303 1145 1376 traditam,
1193 1302 1290 1362 bis
1332 1302 1659 1362 Columbae
1704 1304 2088 1375 attributam,
2150 1303 2213 1362 in
2261 1303 2583 1363 Scotorum«

320 1394 675 1453 monasterio
708 1391 1082 1470 Sangallensi
1113 1388 1426 1473 „reyulam
1453 1389 1841 1452 coenobialem
1860 1399 2150 1486 patrum“
2171 1391 2197 1427 2
2225 1392 2572 1469 inscriptam

323 1483 645 1544 Columbae
686 1481 1145 1558 abjudicandam
1189 1501 1309 1539 non
1356 1501 1497 1554 esse,
1545 1481 1673 1539 nisi-
1709 1483 2061 1558 gravissima
2106 1481 2350 1540 obstant
2396 1502 2573 1558 argu·

321 1579 538 1632 menta.
633 1570 754 1631 Sed
798 1576 1036 1630 tantum
1083 1571 1279 1643 abest,
1325 1576 1396 1630 ut
1441 1570 1700 1648 proferri
1743 1570 1975 1648 possint
2020 1576 2372 1646 argumenta
2418 1590 2571 1629 com·

321 1660 747 1721 memoratione
793 1659 992 1737 digna,
1019 1679 1193 1735 ·quae
1238 1659 1506 1736 regulam
1553 1659 1717 1717 illam
1765 1680 1801 1718 a
1832 1659 2129 1719 Columba
2176 1659 2569 1737 conscriptam

322 1771 441 1809 non
486 1769 611 1808 esse
658 1749 1074 1826 comprobent,
1133 1753 1204 1806 ut
1248 1748 1732 1807 luculentissimis
1778 1747 2136 1808 testimoniis
2184 1748 2571 1825 comprobare

321 1839 614 1920 possimus
660 1837 1009 1897 Columbam
1056 1838 1296 1914 regulae
1341 1837 1510 1896 illius<
1547 1843 1851 1897 auctorem
1896 1837 2097 1897 fuisse.

499 1927 767 1986 Primum
813 1927 970 1985 enim
1016 1926 1329 1986 nonnullos
1376 1946 1588 2002 mores,
1638 1925 1743 2002 qui
1788 1925 2089 2003 conspicui
2120 1926 2398 1985 videntur
2443 1946 2570 1984 esse

319 2019 412 2090 iis,
461 2016 564 2093 qui
610 2016 876 2093 regulam
927 2015 1328 2074 coenobialem
1365 2016 1592 2092 legunt,
1638 2020 1872 2073 constat
1915 2014 1979 2071 in
2023 2034 2133 2074 usu
2179 2015 2361 2073 fuisse
2407 2013 2569 2092 apud

323 2107 551 2178 Scotos,
596 2105 661 2163 in
705 2105 798 2164 his
837 2104 1010 2180 quod.
1029 2104 1298 2163 cochlear
1343 2103 1666 2180 signabant
1710 2104 1880 2182 signo
1927 2104 2134 2176 crucis,
2183 2103 2344 2180 quod
2389 2104 2564 2161 bene·

321 2193 640 2254 dictionem
701 2193 927 2252 dabant
981 2199 1043 2251 et
1101 2192 1502 2270 ingredientes
1553 2192 1760 2252 domos
1816 2200 1878 2252 et
1938 2193 2337 2269 egredientes,
2407 2191 2567 2269 quod

321 2291 489 2343 extra
544 2281 782 2342 modum
835 2282 1161 2359 prodibant
1214 2281 1280 2340 in
1336 2281 1648 2342 cantandis
1702 2281 1945 2359 psalmis
1999 2288 2061 2340 et
2119 2281 2238 2340 alia
2282 2282 2380 2357 (cf.
2427 2281 2563 2339 Fle-

319 2373 501 2448 ming,
546 2392 603 2447 p.
638 2371 740 2443 25,
788 2371 1019 2443 Hertel,
1067 2392 1128 2448 p.
1159 2371 1288 2430 438
1320 2393 1406 2448 sq.
1441 2377 1503 2430 et
1540 2391 1725 2449 supra
1763 2392 1819 2448 p.
1856 2372 1982 2447 70).
2074 2369 2164 2429 At
2208 2390 2428 2431 novum
2475 2375 2568 2429 est

322 2467 383 2520 et
428 2459 588 2536 quod
634 2458 697 2534 ii,
747 2458 851 2533 qui
895 2459 1029 2517 illos
1061 2479 1251 2518 mores
1283 2461 1693 2537 neglexerunt,
1738 2460 1949 2537 poenis
1992 2457 2333 2519 afficiuntur
2378 2459 2570 2535 iisque

319 2547 689 2626 gravissimis
720 2582 804 2593 —-
836 2549 1121 2624 vapulare
1168 2549 1324 2607 enim
1365 2549 1520 2624 jussi
1564 2557 1707 2609 sunt
1744 2549 2009 2607 12—50
2033 2544 2570 2628 „percussionibue“

320 2672 405 2684 --
453 2645 515 2696 et
569 2636 728 2713 quod
787 2635 918 2714 ipsa
977 2636 1081 2695 illa
1140 2636 1334 2698 inanis
1393 2638 1691 2715 psallendi
1759 2638 1913 2697 ratio
1981 2638 2069 2697 ita·
2127 2637 2446 2697 insumitur
2505 2637 2567 2694 in

317 2746 586 2804 poenam,
632 2732 701 2785 ut
747 2726 967 2798 tribus,
1016 2731 1298 2803 quatuor,
1345 2728 1440 2786 vel
1488 2727 1573 2785 24
1620 2728 1863 2804 psalmis
1911 2727 2217 2786 cantandis
2263 2724 2570 2804 poeniten·

319 2815 467 2874 tiam
513 2834 690 2890 agere
738 2814 1009 2872 monachi
1046 2815 1392 2889 jubeantur.
1470 2813 1593 2873 Sed
1636 2834 1830 2890 neque
1874 2815 1985 2873 hoc
2033 2834 2225 2890 neque
2270 2814 2419 2873 illud
2466 2815 2566 2873 ad·

318 2900 623 2962 mirationi
655 2921 782 2961 esse
813 2902 1010 2961 debet.
1071 2900 1175 2960 An
1207 2902 1415 2979 negari
1443 2908 1660 2980 potest,
1707 2903 1868 2961 illam
1916 2902 2211 2980 psallendi
2255 2903 2570 2974 rationem,

321 3012 438 3071 qua
484 2989 652 3050 Scoti
700 2991 761 3048 in
807 2990 1040 3067 vigiliis
1075 2992 1403 3050 utebantur
1447 2992 1545 3067 (cf.
1593 2991 1850 3064 Ebrard,
1896 3013 1956 3070 p.
2005 2992 2135 3049 2228
2165 2993 2339 3068 sqq.),
2387 2991 2571 3050 etiam

319 3082 409 3154 iis,
456 3080 568 3157 qui‘
592 3081 782 3158 culpa.
799 3080 1113 3152 vacabant,
1160 3080 1319 3139 haud
1365 3080 1545 3140 dubie
1591 3080 1783 3157 magis
1829 3080 2132 3140 molestiae
2177 3081 2361 3140 fuisse
2390 3100 2569 3156 quam

319 3170 564 3248 pietatis
611 3168 1065 3228 exercitationi?
1133 3169 1369 3247 Neque,
1432 3170 1577 3248 quin
1624 3170 1805 3229 moris
1849 3170 2034 3229 fuerit
2078 3169 2391 3232 Scotorum
2437 3190 2567 3230 ver·

318 3259 562 3319 bei-ibus
605 3258 1086 3318 animadvertere·
1123 3258 1190 3318 in·
1232 3279 1334 3320 eos
1379 3260 1482 3337 qui
1526 3258 1937 3318 inobedientes
1980 3260 2242 3331 fuerant,
2303 3258 2570 3317 dubitari

318 3354 544 3427 potest,
607 3347 882 3426 quamvis
937 3346 1251 3408 Ebrardus
1299 3348 1678 3425 (zeitschrift
1721 3349 1820 3406 fiir
1865 3347 2077 3406 histor.
2118 3346 2327 3406 Theol.
2381 3346 2570 3419 1875,

318 3458 377 3515 p.
434 3436 589 3512 504)
656 3435 786 3495 sine
844 3437 976 3495 ulla.
1034 3457 1213 3496 causa
1272 3437 1534 3497 Hertelii
1594 3442 1949 3513 argumenta
2006 3442 2313 3511 tamquam
2384 3434 2575 3495 stulta

317 3530 579 3603 respuat,
628 3525 796 3600 quod
831 3525 1156 3598 Hei-telius,
1202 3545 1355 3603 quae
1400 3526 1475 3586 de
1520 3526 1723 3604 pueris
1768 3524 2194 3603 vapulantibus
2240 3524 2402 3584 dicta
2447 3523 2571 3582 sint

318 3613 390 3672 in·
428 3614 564 3673 vita.
601 3612 891 3672 Walarici
938 3615 1040 3687 32,
1087 3614 1247 3674 Mab.
1292 3614 1379 3688 II,
1424 3633 1563 3674 ann.
1613 3615 1759 3687 627,
1806 3636 1862 3692 p.
1911 3614 2015 3687 87,
2074 3613 2372 3691 acceperit
2416 3619 2571 3672 tam·

503 3859 521 3889 ¹
563 3856 848 3927 Delegavi
880 3857 1124 3913 lectores
1162 3858 1236 3912 ad
1273 3858 1435 3912 illum
1474 3858 1780 3930 Loeningii
1818 3858 2035 3921 locum,
2094 3860 2160 3911 ut
2208 3857 2417 3919 sciant,
2477 3856 2573 3910 cui

322 3927 582 3994 debeam,
637 3928 794 3998 quod·
827 3929 1038 3982 codicis
1076 3929 1227 3983 illius
1268 3928 1657 3999 sangallensis
1696 3928 1959 3984 notitiam
1998 3927 2206 3991 habe0,
2245 3957 2312 3968 —
2351 3944 2465 3980 non
2504 3931 2569 3980 ut

321 4000 431 4067 ipsi
468 4000 555 4053 illi
594 3998 897 4070 Boeningii
934 4001 1289 4053 annotationi
1328 4001 1500 4054 fidem
1537 4001 1802 4056 habeant.
1879 3999 2026 4053 Nam
2071 3998 2236 4053 multi
2288 4016 2351 4051 ac
2399 3998 2571 4051 mira-

321 4070 463 4124 biles
499 4071 558 4124 in
596 4072 754 4125 illam
793 4071 1213 4125 annotationem
1241 4073 1524 4141 irrepsere
1550 4087 1788 4136 errores,
1830 4088 1985 4142 quoe,
2029 4088 2156 4124 cum
2181 4070 2376 4123 malim
2403 4073 2571 4139 typo·

322 4141 538 4195 thetam
577 4161 745 4213 quam
782 4142 967 4212 ipsum
1004 4143 1187 4196 virum
1224 4142 1616 4197 doctissimum
1664 4142 2051 4214 negligentiae
2089 4158 2382 4206 accusare,
2434 4157 2570 4194 enu-

320 4229 542 4267 merare
580 4213 719 4268 mihi
757 4217 1082 4282 pertaesum
1119 4217 1221 4267 est.

502 4284 525 4317 ²
563 4283 651 4339 De
688 4285 797 4340 hoc
834 4284 1030 4339 codice
1068 4300 1216 4338 nunc
1256 4284 1428 4339 etiam
1467 4283 1756 4339 Ebrardus
1805 4286 1981 4339 verba
2029 4283 2168 4339 fecit
2204 4281 2566 4353 (Bonifatius,

321 4372 376 4422 p.
421 4357 530 4425 13),
588 4356 688 4411 sed
745 4357 854 4421 ita,
912 4359 977 4409 ut
1015 4355 1185 4410 etiam
1246 4357 1292 4409 si
1342 4372 1593 4424 possem,
1679 4356 2001 4412 dubitarem
2056 4355 2315 4424 pluribus
2375 4355 2427 4408 ei
2480 4370 2571 4407 re-

317 4442 591 4496 pugnare.
