3134 5034
1173 290 1660 347 -111—

476 467 746 526 Primum
791 468 994 544 igitur,
1041 489 1115 526 ne
1163 468 1459 540 miremur,
1507 467 1667 544 quod
1710 468 1916 544 regula
1961 468 2095 539 ista,
2142 467 2205 527 in
2250 487 2367 543 qua
2412 488 2544 544 per·

299 559 488 616 multa
534 557 706 615 nobis
753 556 1062 616 offensioni
1110 563 1276 623 sunt,
1332 562 1563 615 tantam
1607 556 1671 614 in
1718 555 1919 615 Gallia
1965 556 2385 616 auctoritatem
2431 556 2547 615 sibi

300 646 683 724 comparavit,
731 666 883 723 opus
929 651 1021 704 est
1065 665 1185 704 non
1232 645 1519 716 oblivisci,
1567 645 1763 722 qualis
1807 645 1991 705 fuerit
2023 653 2164 704 ante
2197 643 2547 704 Columbam

300 735 795 795 monasteriorum
840 735 903 792 in
952 733 1151 792 Gallia
1197 740 1390 793 status
1447 733 1548 808 (cf.
1596 754 1776 812 supra
1821 756 1879 811 p.
1918 735 2088 811 107).
2179 733 2364 792 Illum
2411 753 2546 792 con·

301 824 703 900 siderantibus
750 823 920 882 nobis
964 821 1178 880 mirum
1225 843 1345 882 non
1389 823 1717 895 videbitur,
1775 823 1933 900 quod
1981 821 2269 882 Columba
2314 823 2550 881 fervore

303 933 409 972 suo
468 933 539 970 ac
597 912 824 989 pietate
884 931 989 970 sua
1046 912 1225 970 etiam
1273 910 1480 970 Gallos
1527 912 1604 969 ad
1660 912 2131 989 amplectendam
2184 910 2372 971 vitam
2428 930 2548 969 mo-

302 1000 610 1059 nachicam
653 1005 777 1059 tam
826 1001 1063 1060 crebros
1108 1000 1407 1073 incitavit,
1469 1006 1539 1058 ut
1596 1007 1659 1060 et
1711 1001 1839 1059 ruri
1884 1006 1947 1060 et
1990 1000 2055 1059 in
2100 999 2350 1059 urbibus
2396 1019 2551 1059 nova

306 1089 664 1148 exsisterent
708 1089 1067 1148 monasteria
1114 1090 1211 1164 (cf.
1242 1089 1347 1148 vit.
1380 1088 1501 1147 Sal.
1538 1091 1595 1161 7,
1625 1090 1785 1148 Mab.
1815 1089 1904 1163 ΙΙ,
1936 1110 2071 1148 ann.
2107 1088 2254 1161 655,
2286 1110 2342 1166 p.
2377 1088 2550 1164 425).

307 1179 439 1252 Quo
485 1179 709 1236 factum
756 1183 870 1250 est,
934 1183 1004 1235 ιιι
1061 1178 1270 1255 regula
1315 1177 1640 1236 Columbae
1699 1198 1820 1238 non
1881 1179 2069 1237 solum
2129 1177 2193 1235 in
2253 1176 2555 1236 nonnullis

308 1266 666 1325 Germaniae
724 1267 1099 1325 monasteriis
1159 1266 1484 1343 (Rettberg
1527 1266 1615 1340 II,
1661 1288 1717 1344 p.
1769 1269 1921 1343 678)
1977 1273 2122 1326 tunc
2166 1266 2552 1337 inveniretur,

308 1355 413 1414 sed
457 1356 659 1435 potius
719 1354 939 1414 saeculi
1000 1354 1240 1433 septimi
1299 1357 1669 1433 temporibus
1729 1356 2046 1434 praecipue
2107 1355 2407 1432 prioribus
2465 1354 2552 1412 ita

308 1445 565 1521 vigeret,
628 1450 713 1502 ut
743 1463 932 1521 paene
979 1443 1177 1503 omnia
1222 1446 1607 1519 monasteria,
1673 1466 1825 1521 quae
1872 1452 2014 1504 tunc
2059 1444 2124 1503 in
2171 1442 2372 1503 Gallia
2420 1461 2553 1501 con·

310 1533 438 1592 dita
469 1539 623 1605 sunt,
657 1531 981 1590 Columbae
1012 1534 1279 1609 regulam
1313 1535 1717 1593 observarent.
1765 1535 2034 1608 Quorum
2065 1532 2555 1592 monasteriorum

310 1622 751 1680 multitudinem
776 1622 1278 1697 (Montalembert,
1301 1623 1388 1681 les
1409 1622 1634 1681 moines
1650 1622 1979 1682 d'occident
1991 1621 2079 1695 II,
2104 1642 2160 1699 p.
2179 1621 2557 1695 565—637)

312 1730 655 1769 enumerare
700 1717 906 1769 nostra
953 1731 1073 1769 non
1118 1711 1328 1784 refert,
1393 1711 1532 1789 quia
1590 1712 1914 1770 auctoritas
1960 1710 2285 1770 Columbae
2343 1709 2555 1768 nihilo·

311 1799 508 1857 minus
537 1819 676 1857 mox
705 1799 936 1862 minuta
984 1806 1090 1859 est.
1151 1799 1307 1860 Nam
1352 1800 1516 1859 intra
1554 1804 1682 1876 jam
1727 1800 1985 1859 medium
2031 1800 2330 1859 saeculum
2378 1797 2557 1875 septi-

313 1909 474 1947 mum
521 1889 582 1945 in
628 1889 758 1966 ipsa
805 1886 1004 1946 Gallia
1050 1887 1148 1947 Sti
1190 1888 1503 1947 Benedicti
1549 1888 1922 1948 Cassinensis
1981 1888 2188 1966 regula
2235 1879 2558 1946 Columbae

314 1977 554 2055 regulae
601 1976 834 2035 exstitit
879 1978 1110 2036 aemula
1153 1998 1344 2053 eaque
1390 1978 1549 2037 haud
1596 1979 1775 2036 dubie
1820 1977 2007 2036 multo
2054 1977 2269 2053 potior.
2340 1975 2558 2048 Quam-

315 2065 407 2124 vis
453 2064 610 2122 enim
656 2064 970 2143 disciplina
1026 2086 1134 2124 sua
1186 2067 1451 2143 regulari
1497 2065 1788 2126 Columba
1834 2065 2326 2125 monasteriorum
2373 2062 2559 2122 Galli-

318 2173 519 2212 corum
581 2160 802 2211 statum
863 2159 924 2211 et
986 2175 1177 2214 mores
1238 2155 1451 2213 mirum
1513 2162 1802 2232 quantum
1863 2153 2291 2226 emendaverit,
2359 2159 2562 2211 tamen

315 2240 628 2300 Benedicti
672 2243 913 2318 regulae
959 2263 1072 2320 par
1116 2264 1241 2303 esse
1287 2265 1405 2304 non
1450 2246 1668 2323 potuit.
1759 2243 2145 2304 Manifestum
2199 2243 2311 2301 hoc
2362 2241 2433 2300 fit
2489 2260 2563 2298 ex

317 2330 583 2407 singulis,
630 2331 1000 2391 manifestius
1046 2353 1120 2390 ex
1164 2340 1294 2392 tota
1338 2335 1581 2410 regulae
1627 2335 1940 2411 utriusque
1973 2337 2205 2391 natura.
2266 2330 2360 2389 Ea
2405 2330 2562 2389 enim

318 2424 425 2491 est,
473 2418 633 2494 quod
680 2439 864 2494 aeque
909 2419 1124 2478 mirum
1171 2427 1260 2480 est
1306 2443 1375 2480 ac
1420 2429 1646 2495 notum,
1693 2423 1854 2481 vitae
1885 2420 2261 2480 monachicae
2293 2418 2559 2490 historia,

317 2516 386 2566 ιιι
431 2507 729 2579 monachi,
793 2527 1042 2583 quorum
1097 2509 1276 2587 primi
1330 2511 1711 2570 eremitarum
1758 2511 1944 2571 vitam
1992 2510 2258 2570 viventes
2304 2508 2559 2579 omnino,

315 2602 616 2672 quantum
653 2595 780 2653 fieri
815 2604 1052 2674 potest,
1114 2619 1145 2656 e
1195 2600 1409 2658 mundo
1457 2601 1756 2676 fugerant,
1821 2600 2129 2678 paullatim
2177 2597 2439 2657 redirent
2485 2595 2563 2656 ad

318 2684 618 2742 mundana
680 2687 938 2761 negotia.
1029 2688 1270 2762 Quanto
1329 2688 1488 2747 inter
1546 2710 1609 2748 se
1669 2689 1951 2749 differunt
2005 2687 2096 2747 St.
2141 2686 2447 2746 Antonius
2502 2690 2564 2742 et

318 2772 549 2849 Ignatii
594 2773 858 2848 Loyolae
904 2775 1200 2853 discipuli,
1249 2785 1473 2853 quanto
1505 2776 1901 2836 Orientalium
1947 2776 2219 2835 monachi
2267 2781 2326 2833 et
2372 2775 2562 2834 Bene·

320 2860 555 2920 dictini!
614 2862 975 2920 Monasteria
1021 2862 1413 2923 Orientalium
1460 2865 1545 2923 nil
1591 2872 1764 2925 erant
1807 2865 1924 2923 nisi
1969 2873 2297 2923 ascetarum
2346 2869 2564 2934 coetus,

319 2950 683 3009 monasteria
729 2950 1148 3010 monachorum
1181 2951 1277 3011 Sti
1306 2953 1622 3012 Benedicti
1668 2953 1884 3013 sensim
1931 2953 2361 3031 paullatimque
2407 2953 2566 3010 facta

321 3045 461 3098 sunt
522 3039 841 3097 seminaria
901 3041 1097 3100 cultus
1157 3048 1336 3117 atque
1397 3041 1814 3116 humanitatis,
1887 3042 2030 3121 quin
2093 3042 2273 3101 etiam
2334 3040 2565 3099 scholae

320 3128 541 3204 laboris
573 3129 669 3205 (cf.
700 3128 1005 3200 Harnack,
1052 3131 1159 3194 das
1189 3130 1597 3204 Mouchthum,
1625 3154 1685 3210 p.
1713 3133 1791 3191 21
1828 3152 1975 3208 sqq.,
2010 3133 2088 3190 31
2118 3151 2266 3209 sqq.,
2302 3131 2382 3188 36
2410 3148 2568 3207 sqq.;

321 3215 625 3290 Uhlhorn,
696 3217 791 3275 die
853 3218 1191 3277 christliche
1247 3219 1794 3298 Liebesthatigkeit
1845 3221 1911 3279 in
1964 3221 2073 3279 der
2118 3221 2277 3279 alten
2324 3219 2567 3277 Kirche.

329 3305 517 3363 1882.
578 3327 636 3383 p.
686 3306 814 3364 344
861 3309 1030 3384 sqq.).
1123 3308 1324 3383 Quid?
1392 3315 1594 3367 utrum
1649 3310 1740 3368 his
1787 3330 1864 3368 an
1907 3309 2028 3367 illis
2073 3308 2386 3367 similiores
2430 3310 2569 3365 sunt

325 3393 650 3453 Columbae
726 3395 1040 3454 monachi?
1126 3396 1406 3455 Profecto
1482 3398 1886 3457 orientalibus.
2010 3396 2186 3456 Licet
2271 3397 2425 3454 enim
2501 3399 2571 3452 ut

323 3482 604 3541 Hiienses
653 3484 749 3561 (cf.
782 3475 963 3562 supra
993 3506 1051 3563 p.
1088 3487 1198 3562 70)
1245 3486 1332 3545 ita
1379 3491 1442 3545 et
1489 3485 1811 3544 Columbae
1857 3485 2252 3545 Luxoviensis
2299 3482 2571 3542 monachi

325 3570 509 3628 variis
571 3572 833 3648 corporis
895 3581 957 3632 et
1017 3574 1272 3652 ingenii
1304 3575 1612 3634 laboribus
1666 3595 1915 3653 operam
1973 3574 2250 3633 dederint
2305 3574 2402 3649 (cf.
2448 3592 2571 3649 reg.

327 3658 599 3717 Columb.
648 3680 694 3718 c.
749 3660 846 3717 10.
892 3660 1053 3720 Bibl.
1099 3684 1237 3722 max
1281 3663 1436 3737 XII,
1482 3686 1540 3742 p
1592 3665 1674 3741 5),
1724 3699 1807 3708 —
1854 3664 2305 3736 laboiaverunt,
2359 3683 2432 3720 ne
2480 3682 2571 3721 so-

329 3747 529 3807 cordia
576 3768 645 3806 ac
691 3747 916 3807 desidia
963 3759 1407 3828 marcescerent,
1454 3774 1572 3812 non
1618 3773 1761 3813 vero
1808 3772 1879 3811 eo
1918 3752 2187 3824 consilio,
2234 3758 2302 3811 ut
2348 3750 2573 3827 aliquid

327 3837 471 3896 boni
514 3837 894 3915 perficerent,
962 3871 1038 3882 -—
1103 3862 1241 3900 nam
1298 3842 1381 3927 nil
1430 3844 1797 3918 quaerebant
1852 3842 1915 3899 in
1960 3842 2070 3900 hoc
2117 3839 2352 3899 munde.
2445 3837 2576 3897 Alii

329 3932 504 3984 erant
556 3925 603 3983 ii
649 3923 962 3984 Scotorum
1018 3931 1313 4002 monachi,
1377 3932 1483 4008 qui
1536 3932 1722 3992 vitam
1778 3936 2022 4008 agentes
2075 3930 2139 3990 in
2202 3927 2576 3998 monasteriis

329 4013 523 4074 medio
570 4015 632 4073 in
672 4014 895 4093 populo
929 4017 1270 4078 constitutis
1300 4020 1629 4079 animarum
1661 4041 1862 4079 curam
1892 4021 2182 4096 gerebant
2226 4017 2291 4075 in
2334 4017 2576 4094 regione

331 4120 438 4159 sua
484 4104 581 4176 (cf.
623 4123 802 4181 supra
846 4125 904 4181 p.
942 4102 1069 4181 67),
1117 4106 1220 4164 sed
1266 4108 1339 4165 de
1385 4108 1505 4166 illis
1550 4129 1705 4167 nunc
1750 4129 1870 4168 non
1916 4108 2134 4186 agitur,
2180 4127 2318 4166 nam
2364 4108 2426 4181 ιι,
2474 4105 2579 4183 qui

330 4189 394 4248 ιιι
441 4188 702 4250 Galliam
742 4199 804 4251 et
835 4191 1217 4253 Germaniam
1264 4202 1573 4269 venerunt,
1620 4197 1840 4275 diversi
1886 4204 2059 4257 erant
2106 4197 2182 4256 ab
2227 4196 2363 4270 illis,
2409 4215 2576 4275 pere-

331 4279 629 4355 grinaturi
692 4280 896 4340 eodem
958 4287 1227 4360 tempore
1288 4283 1361 4341 de
1414 4285 1612 4362 patria
1660 4285 2055 4347 discesserant
2100 4294 2163 4346 et
2207 4285 2280 4345 de
2327 4288 2579 4356 theatro,

333 4367 491 4445 quod
538 4376 753 4428 natura
798 4371 1124 4432 virtutibus
1179 4392 1380 4431 eorum
1437 4373 1642 4432 datum
1698 4381 1858 4446 erat;
1928 4375 2182 4436 solitarii
2235 4375 2422 4435 vitam
2479 4376 2578 4435 de-
