3134 5034
1219 329 1653 385 „83-

309 505 473 587 siyno
506 504 857 585 penitentiae
901 523 1079 585 usque
1122 503 1206 563 ad
1249 513 1522 575 mortem,
1584 502 1731 563 nihil
1781 524 1891 564 sua
1944 503 2232 567 voluntate
2268 505 2556 589 facientes

309 594 884 670 (Wasserschleben,
928 593 1011 651 Ir.
1060 593 1207 652 Can.
1252 614 1310 670 p.
1360 594 1441 650 36
1491 613 1580 669 sq.
1645 628 1723 639 —-
1788 595 1858 652 cf.
1908 593 2141 654 Tirech.
2189 603 2391 656 annot.
2437 587 2552 656 Be-

304 683 472 741 tham
516 683 604 756 H,
651 704 785 761 app.
832 705 890 761 p.
936 681 1199 740 XXIX:
1246 689 1311 739 ut
1352 700 1472 740 non
1507 690 1775 763 peccaret
1818 680 1923 741 sub
1963 683 2205 763 yradu).

485 772 678 830 Iidem
726 790 978 829 canones
1023 776 1262 849 praesto
1310 776 1451 829 sunt
1511 770 1590 828 ad
1635 770 2160 831 demonstrandum
2213 780 2554 833 sanctorum

305 867 367 920 et
413 859 800 937 reliquiarum
845 861 1070 919 cultum
1109 858 1269 937 apud
1299 857 1509 918 Scotos
1541 880 1663 917 non
1694 861 2030 937 neglectum
2064 861 2191 936 (lib.
2223 861 2459 935 XLIV,
2493 865 2551 936 8,

303 971 361 1027 p.
398 951 572 1026 203).
663 948 749 1008 Et
795 949 892 1007 cui
935 949 1125 1008 levius
1170 948 1410 1007 videtur
1457 968 1584 1007 esse
1629 948 1740 1007 hoc
1786 949 2209 1024 testimonium,
2256 952 2419 1028 legat
2467 986 2551 997 -—-

300 1043 372 1097 ut
417 1038 566 1097 alios
611 1037 815 1096 Bedae
860 1039 1019 1095 locos
1066 1035 1337 1096 omittam
1383 1071 1473 1080 —
1520 1057 1674 1113 quae
1729 1037 2117 1097 inveniuntur
2177 1039 2239 1098 in
2293 1041 2554 1118 epistula

300 1127 424 1199 illa,
474 1146 651 1203 quam
683 1126 1026 1185 Vitalianus
1065 1145 1225 1204 papa
1253 1126 1455 1202 paullo
1486 1132 1626 1204 post
1671 1126 1960 1201 synodum
1991 1126 2549 1188 Strenaeshalchen-

301 1236 426 1275 sem
484 1216 616 1293 regi
660 1214 845 1276 Osviu
910 1214 1151 1292 scripsit
1197 1213 1279 1291 (h.
1320 1233 1370 1272 e.
1414 1215 1472 1286 3,
1522 1216 1624 1287 29,
1687 1216 1724 1293 ξ
1772 1215 1946 1292 248).
2036 1215 2195 1276 Num
2244 1217 2555 1296 episcopus
2653 1251 2660 1255 -

299 1304 608 1363 Romanus
661 1304 791 1381 regi
843 1299 1124 1385 reliquias
1176 1300 1477 1362 beatorum
1527 1299 1929 1385 apostolorum
1970 1300 2138 1364 Petri
2179 1313 2231 1365 et
2274 1302 2461 1365 Pauli
2501 1314 2553 1365 et

299 1401 635 1452 sanctorum
678 1400 1013 1473 martymm
1057 1386 1389 1462 Laurentii,
1438 1387 1500 1449 J
1489 1389 1735 1451 ohannis
1779 1401 1831 1451 et
1859 1389 2043 1451 Pauli
2084 1402 2136 1454 et
2184 1388 2459 1474 Greyorii
2499 1403 2552 1454 et

299 1478 614 1540 Pancratiz'
669 1481 1151 1553 transmississet,
1224 1480 1342 1539 nisi
1402 1481 1708 1557 cognitum
1769 1481 2076 1541 habuisset
2135 1483 2296 1561 apud
2348 1504 2549 1561 regem

299 1576 538 1630 sanctos
581 1590 886 1647 nunquam
933 1569 1190 1629 caruisse
1236 1567 1602 1629 honoribus?

477 1659 707 1732 Nonne,
754 1665 824 1718 ut
868 1658 1100 1717 omissis
1146 1658 1393 1735 singulis
1437 1658 1500 1716 in
1544 1658 1888 1719 universum
1933 1661 2147 1736 loquar
2192 1659 2266 1718 de
2297 1660 2546 1734 ratione,

300 1767 452 1824 quae
497 1747 901 1807 intercesserit
945 1747 1105 1807 inter
1133 1746 1411 1805 ecclesias
1442 1746 1755 1806 Scotorum
1791 1753 1853 1807 et
1881 1747 2304 1821 Romanorum,
2352 1769 2548 1808 nonne

296 1837 453 1895 sicut
496 1857 617 1895 una
662 1838 807 1896 haec
854 1835 1112 1914 epistula
1152 1836 1388 1895 omnino
1436 1835 1499 1893 id
1542 1837 1758 1915 ipsum,
1806 1837 1967 1913 quod
1998 1837 2245 1897 ecclesia
2274 1838 2546 1898 Nordan-

294 1924 680 2002 hymbrorum
742 1946 874 1983 cum
921 1924 1194 1983 Romana
1255 1931 1380 1984 tam
1439 1925 1615 1983 facile
1674 1925 1737 1983 in
1798 1945 1982 1982 unum
2038 1945 2252 2004 corpus
2310 1926 2546 1998 coaluit,

294 2014 572 2092 impedit,
644 2014 958 2090 quominus
1016 2015 1193 2090 longe
1253 2013 1516 2073 diversas
1575 2020 1855 2091 putemus
1913 2014 2185 2074 ecclesias
2232 2012 2544 2073 Scotorum

295 2107 358 2160 et
416 2101 865 2162 Romanorum?
942 2101 1064 2160 Sed
1131 2102 1329 2180 paullo
1398 2102 1710 2161 verbosius
1778 2101 1852 2160 de
1920 2101 2031 2160 hac
2099 2122 2165 2161 re
2234 2102 2542 2181 disputan-

292 2191 434 2250 dum
480 2199 589 2251 est.

472 2280 647 2340 Inter
706 2300 908 2339 omnes
968 2285 1204 2338 constat
1264 2277 1624 2355 Gregorium
1682 2280 1964 2356 Magnum
2025 2298 2180 2338 anno
2236 2279 2362 2337 597
2412 2281 2540 2338 Au-

291 2369 598 2447 gustinum
644 2369 983 2448 episcopum
1030 2369 1091 2427 in
1139 2367 1519 2426 Britanniam
1565 2367 1817 2441 misisse,
1877 2374 1948 2427 ut
1992 2367 2330 2445 Anglorum
2374 2370 2543 2445 genti

291 2458 541 2516 verbum
588 2457 685 2516 dei
729 2457 1120 2537 praedicaret.
1212 2456 1521 2531 Quomodo
1581 2456 1693 2515 hoc
1748 2458 1973 2515 factum
2027 2457 2109 2516 sit
2153 2463 2214 2516 et
2261 2477 2412 2533 quae
2459 2458 2538 2516 ab

288 2544 634 2623 Augustino
696 2555 757 2605 et
817 2546 989 2606 sociis
1049 2552 1219 2623 gesta
1280 2545 1428 2617 sint,
1506 2545 1856 2622 singillatim
1929 2566 2205 2605 enarrare
2266 2551 2537 2605 nostrum

287 2655 410 2693 non
456 2641 563 2694 est.
654 2635 815 2695 Satis
870 2636 952 2694 sit
996 2643 1482 2694 commemorasse
1529 2633 1990 2693 Cantuariorum
2035 2640 2098 2693 et
2143 2633 2538 2693 Orientalium

288 2723 627 2802 Anglorum
681 2731 889 2802 gentes
944 2724 1289 2783 auctoribus
1340 2723 1630 2782 Romanis
1674 2724 1981 2782 transiisse
2027 2723 2105 2781 ad
2152 2724 2537 2782 christianam

287 2811 495 2885 fidem,
555 2814 843 2889 sedesque
888 2812 1252 2890 episcopales
1307 2831 1432 2870 esse
1479 2812 1834 2871 constitutas
1881 2812 1944 2869 in
1991 2811 2333 2870 Cantuariis
2380 2811 2535 2870 Oan-

287 2907 625 2961 tuarensem
689 2902 872 2986 (597)
934 2907 997 2960 et
1054 2899 1397 2959 Roffensem
1458 2900 1662 2976 (604),
1730 2899 1795 2956 in
1856 2898 2260 2960 Orientalibus
2315 2898 2538 2976 Anglis

286 2990 740 3049 Dunwicensem
788 2983 988 3067 (631).
1073 2989 1310 3065 Itaque,
1358 3008 1490 3047 cum
1536 3009 1609 3046 ex
1653 2987 2194 3066 Nordanhymbria,
2238 2996 2310 3047 ut
2353 3007 2534 3066 supra

281 3082 407 3154 jam
452 3079 727 3152 vidimus,
775 3078 1064 3137 Paulinus
1094 3073 1425 3154 Augustini
1470 3077 1663 3136 socius
1711 3084 1773 3137 et
1818 3098 1892 3136 ex
1922 3077 2315 3138 Orientalium
2349 3076 2532 3136 Saxo·

284 3187 426 3225 num
470 3169 713 3245 regione
758 3167 1046 3240 Melittus,
1107 3166 1398 3224 Lundinii
1456 3166 1817 3226 constitutus
1865 3167 2047 3243 (604)
2102 3167 2437 3245 episcopus,
2498 3187 2533 3223 a

282 3257 533 3335 paganis
580 3257 737 3336 pulsi
784 3262 996 3328 essent,
1044 3275 1199 3314 anno
1250 3255 1398 3333 664,
1449 3275 1565 3331 quo
1614 3255 1875 3332 synodus
1919 3255 2535 3316 Strenaeshalchensis

280 3345 489 3404 habita
535 3351 642 3418 est,
689 3344 1198 3405 Cantuarensibus
1244 3345 1397 3403 duae
1442 3344 1786 3422 provinciae
1832 3344 2112 3403 subditae
2158 3349 2354 3414 erant,
2403 3344 2532 3420 ipsa

281 3434 607 3493 Cantuaria
668 3440 729 3493 et
789 3434 1182 3494 Orientalium
1227 3433 1567 3510 Anglorum
1623 3433 1815 3509 regio,
1884 3438 2198 3510 praeterea
2246 3431 2529 3489 Occiden-

277 3525 431 3582 tales
479 3522 743 3582 Saxones
798 3543 953 3582 anno
1004 3522 1132 3580 634
1188 3521 1366 3581 fidem
1427 3526 1813 3599 susceperant
1871 3521 2258 3598 praedicante
2318 3519 2528 3579 Birino

279 3632 412 3671 cum
461 3612 705 3671 consilio
751 3612 1010 3671 Honorii
1054 3631 1246 3689 papae
1293 3611 1355 3669 in
1399 3609 1777 3668 Britanniam
1836 3611 2103 3687 profecto
2164 3610 2268 3668 sed
2322 3609 2528 3680 libero,

277 3707 348 3761 ut
407 3700 648 3760 videtur
707 3702 808 3776 (cf.
855 3700 1093 3778 Bright,
1155 3721 1213 3778 p.
1269 3700 1446 3775 149),
1510 3720 1546 3757 a
1608 3698 2036 3760 Cantuarensis
2097 3698 2530 3777 archiepiscopi

270 3790 688 3868 jurisdictione
752 3789 945 3867 (Beda
990 3791 1047 3846 h.
1094 3808 1144 3846 e.
1195 3790 1253 3861 3,
1308 3792 1367 3860 7,
1416 3788 1452 3863 ξ
1506 3789 1630 3845 167
1679 3790 1851 3864 sqq.).
1944 3787 2174 3846 Contra
2235 3809 2270 3846 a
2333 3787 2530 3846 Scotis

274 3880 452 3938 fidem
484 3879 807 3957 suscepisse
836 3878 1094 3938 vidimus
1125 3883 1249 3936 tres
1278 3876 1617 3954 provincias
1662 3896 1985 3953 earumque
2030 3876 2178 3935 duas
2223 3876 2527 3946 maximas,

275 3968 859 4043 Nordanhymbriam
907 3973 969 4026 et
1020 3965 1305 4025 Merciam
1375 3985 1506 4024 cum
1566 3965 1997 4043 Middilanglis,
2068 3971 2131 4024 et
2189 3964 2530 4024 Orientales

277 4057 562 4117 Saxones.
670 4055 1003 4133 Septimum
1063 4054 1320 4131 denique
1377 4053 1756 4113 Australium
1818 4052 2120 4113 Saxonum
2180 4073 2429 4129 regnum
2491 4073 2526 4111 a

251 4145 603 4205 christiana
667 4145 940 4204 doctrina
1001 4144 1238 4203 omnino
1301 4142 1496 4202 aliena
1556 4144 1860 4215 manebat,
1928 4142 2114 4201 donec
2174 4161 2329 4200 anno
2394 4143 2515 4199 681

273 4235 592 4294 Wilfridus
638 4235 886 4293 verbum
934 4233 1032 4291 dei
1078 4233 1163 4291 eis
1207 4231 1599 4309 praedicavit.
1690 4231 1911 4308 Itaque
1968 4237 2099 4290 tota
2154 4252 2339 4309 paene
2386 4230 2523 4288 Bri-

273 4324 514 4397 tannia,
578 4324 774 4400 quoad
819 4323 896 4381 ab
943 4319 1512 4400 Anglo·Saxonibus
1558 4327 1848 4397 occupata
1896 4325 2055 4391 erat,
2111 4320 2268 4379 inter
2313 4318 2525 4378 Scotos

275 4421 338 4474 et
368 4413 674 4472 Romanos
719 4411 913 4473 divisa
960 4417 1103 4484 erat,
1153 4410 1257 4469 sed
1300 4411 1405 4482 ita,
1451 4414 1521 4467 ut
1565 4413 1758 4484 major
1801 4429 1942 4486 pars
1990 4416 2145 4469 esset
2190 4409 2523 4468 Scotorum.

2020 4510 2094 4564 6*
