3134 5034
1245 312 1686 370 ...89-

526 487 668 567 Ipse
712 487 991 548 Alfi-idus
1045 508 1174 562 rex,
1223 488 1492 548 wilfridi
1542 489 1841 560 inimicus,
1904 481 2195 547 nescimus
2257 508 2375 565 quo
2430 509 2587 549 anno

346 575 570 654 (Skene
614 577 711 650 H,
758 598 816 655 p.
871 578 1024 636 171:
1075 578 1230 649 688;
1292 577 1396 636 alii
1445 578 1619 655 703),
1667 577 2025 636 Adamnano
2085 578 2292 636 abbati
2350 577 2590 638 Hiiensi

342 666 667 746 persuasit,
728 672 800 724 ut
861 667 1095 741 abjecto
1156 685 1262 724 suo
1323 666 1664 725 celebrandi
1720 666 1860 726 festi
1903 665 2200 744 paschalis
2243 685 2406 724 more
2453 686 2587 726 cum

342 753 632 815 Romanis
680 754 1025 814 societatem
1071 755 1253 814 iniret
1297 753 1491 830 (Beda
1535 756 1594 813 h.
1642 775 1690 813 e.
1741 755 1797 828 5,
1851 755 1951 827 15,
1997 756 2032 832 ξ
2082 755 2254 830 402).

521 845 802 904 Monente
845 863 990 903 vero
1020 841 1379 903 Adamna‘no
1424 844 1683 922 plurima
1726 864 1868 923 pars
1909 842 2223 903 Scotorum
2268 843 2331 919 in
2363 843 2583 903 Hiber-

340 933 442 991 nia
488 931 941 1011 septentrionali
987 929 1088 1013 (de
1120 932 1484 992 australibus
1513 933 1632 992 vid.
1662 952 1845 1009 supra
1874 955 1933 1011 p.
1969 934 2004 990 7
2017 934 2078 1009 1)
2121 932 2585 996 ecclesiasticum

339 1022 637 1100 paschalis
682 1022 1093 1100 observantiae
1128 1028 1376 1100 teinpus
1418 1022 1681 1100 suscepit
1711 1020 1905 1097 (Beda
1932 1021 1990 1078 h.
2023 1041 2072 1079 e.
2107 1021 2163 1094 5,
2202 1021 2300 1093 15,
2341 1023 2376 1099 ξ
2409 1021 2585 1098 402),

340 1111 555 1172 deinde
615 1130 771 1170 anno
832 1112 959 1169 710
1021 1110 1321 1170 consecuti
1380 1116 1521 1170 sunt
1578 1110 1739 1169 Picti
1799 1110 1881 1186 (h.
1940 1131 1992 1168 e.
2051 1110 2108 1183 5,
2168 1111 2269 1182 21,
2325 1112 2359 1188 ξ
2408 1111 2583 1186 427),

340 1199 599 1276 denique
644 1219 800 1259 anno
835 1201 961 1259 716
1012 1200 1109 1276 (cf.
1156 1199 1238 1258 H.
1285 1199 1404 1260 and
1450 1198 1539 1259 St.
1572 1199 1658 1273 H,
1698 1200 1751 1273 1,
1799 1220 1858 1280 p.
1896 1198 2019 1256 115
2067 1205 2189 1257 not.
2221 1201 2281 1275 a)
2326 1199 2583 1257 maxima

341 1307 482 1367 pars
525 1288 946 1347 monachorum
992 1285 1331 1348 Hiiensium
1345 1332 1359 1361 ,
1416 1308 1670 1365 quorum
1715 1287 1866 1346 nulli
1911 1287 2027 1347 nisi
2070 1287 2355 1366 perpauci
2399 1286 2581 1347 schis-

339 1382 499 1436 mate
560 1383 694 1436 orto
752 1377 815 1435 in
874 1378 1005 1456 ipso
1066 1377 1423 1437 monasterio
1486 1376 1707 1454 (Skene
1752 1376 1840 1451 ΙΙ,
1901 1398 1960 1454 p.
2015 1377 2167 1452 175)
2217 1381 2342 1453 jam
2404 1383 2584 1436 antea
2694 1457 2699 1462 ἠ

218 1555 222 1560 ν
337 1463 761 1526 Adamnanum
817 1467 1098 1525 abbatem
1153 1467 1342 1526 secuti
1395 1472 1570 1525 erant
1625 1465 1820 1543 (Beda
1863 1466 1920 1523 h.
1968 1485 2016 1525 e.
2066 1465 2123 1538 5,
2174 1467 2277 1537 22,
2323 1466 2358 1543 ξ
2406 1464 2582 1541 445).

515 1553 736 1631 Itaque
765 1555 1200 1632 quinquaginta
1231 1555 1404 1613 annis
1431 1561 1571 1633 post
1601 1555 1888 1631 synodum
1921 1554 2579 1614 Strenaeshalchensem

296 1711 303 1717 ,
336 1648 468 1702 tota
498 1642 816 1701 Britannia
848 1649 911 1703 et
939 1643 1206 1703 Albania
1237 1650 1298 1703 et
1329 1643 1627 1702 Hibernia
1659 1643 1921 1720 exceptis
1951 1643 2269 1702 Britonum
2309 1642 2580 1721 plurimis

337 1731 481 1807 (vid.
506 1751 685 1809 supra
707 1752 767 1809 p.
794 1733 912 1809 28)
943 1752 1076 1791 cum
1105 1732 1395 1792 Romanis
1417 1732 1479 1790 in
1502 1732 1682 1791 unius
1713 1729 1998 1791 ecclesiae,
2017 1731 2343 1791 catholicae
2368 1750 2587 1809 corpus

339 1820 772 1897 quodammodo
818 1822 1178 1894 coaluerunt,
1229 1856 1304 1866 -
1341 1820 1444 1897 qui
1484 1821 1922 1881 controversiae
1961 1827 2210 1880 eventus
2255 1820 2413 1879 solus
2452 1823 2578 1896 jam

334 1908 508 1969 testis
539 1916 645 1981 est,
691 1909 968 1971 ecclesias
996 1909 1401 1969 Romanorum
1434 1916 1497 1969 et
1525 1909 1843 1968 Scotorum
1874 1910 1991 1968 nisi
2021 1908 2401 1968 observantia
2440 1908 2579 1968 festi

334 1997 630 2076 paschalis
672 2004 736 2057 et
780 2004 1026 2057 tonsura
1074 2004 1136 2057 et
1180 1998 1312 2057 aliis
1356 1998 1678 2059 levioribus
1722 1997 1988 2057 diversas
2033 2016 2153 2056 non
2197 1998 2397 2055 fuisse.

514 2086 724 2162 Neque
769 2087 949 2145 ullius
996 2087 1072 2145 ad
1117 2093 1381 2146 nostram
1435 2106 1559 2145 rem
1607 2087 1892 2145 momenti
1938 2091 2052 2159 est,
2102 2085 2263 2163 quod
2306 2085 2576 2144 nonnulli

333 2175 753 2234 monachorum
783 2175 1120 2235 Hiiensium
1152 2175 1333 2235 etiam
1363 2181 1508 2235 tunc
1545 2175 1894 2234 concordiae
1940 2175 2028 2233 ita
2072 2167 2577 2252 repugnaverunt,

332 2268 403 2321 ut
456 2283 611 2324 anno
663 2265 790 2322 718
830 2261 1080 2345 familia
1124 2261 1192 2323 Ie
1237 2265 1277 2322 i.
1324 2284 1372 2322 e.
1429 2263 1721 2337 monachi,
1779 2264 1994 2341 quibus
2048 2283 2179 2322 cum
2224 2263 2575 2323 Hiiensibus

334 2351 670 2411 arctissima
714 2358 846 2412 erat
876 2353 1257 2426 consuetudo,
1305 2351 1450 2429 quia
1475 2373 1684 2431 pacem
1712 2354 2078 2431 respuebant
2121 2361 2286 2412 trans
2331 2352 2579 2413 domum

334 2434 689 2500 Britanniae
733 2442 771 2499 i.
827 2462 875 2501 e.
934 2462 1007 2500 ex
1065 2461 1250 2518 regno
1313 2460 1419 2500 suo
1482 2443 1928 2519 expellerentur
1985 2462 2022 2500 a
2076 2442 2370 2515 Nectano,
2432 2460 2574 2517 rege

330 2525 668 2602 Pictorum,
731 2537 790 2589 et
849 2537 921 2591 ut
982 2530 1059 2589 ad
1128 2530 1532 2608 accipiendam
1607 2537 1912 2590 tonsuram
1981 2549 2235 2590 coronae
2303 2528 2578 2588 nonnulli

329 2614 670 2677 Hiiensium
716 2653 805 2664 —
850 2619 1141 2697 siquidem
1186 2619 1334 2678 fides
1379 2619 1656 2678 habenda
1707 2625 1800 2679 est
1850 2619 2278 2698 posterioribus
2323 2618 2573 2696 scripto-

329 2705 497 2765 ribus
542 2708 765 2783 (annal.
821 2708 1064 2786 Tigern.
1110 2708 1191 2767 H.
1248 2708 1367 2767 and
1412 2706 1503 2767 St.
1550 2708 1646 2781 ΙΙ,
1701 2711 1755 2781 1,
1801 2728 1860 2786 p.
1915 2709 2066 2781 114,
2123 2709 2195 2767 cf.
2243 2706 2440 2767 Skene
2487 2705 2576 2778 ΙΙ,

328 2815 387 2873 p.
436 2795 565 2853 278
626 2797 746 2874 sq.)
808 2829 896 2841 —-
955 2796 1273 2856 videantur
1332 2816 1457 2855 esse
1532 2797 1595 2856 vi
1655 2797 1858 2858 coacti.
1959 2797 2179 2855 Mirum
2240 2796 2396 2855 enim
2454 2814 2575 2853 non

331 2889 448 2957 est,
511 2884 671 2960 quod
729 2884 1012 2944 Hiienses
1070 2885 1476 2944 Romanorum
1536 2884 1792 2944 studiosi
1853 2904 1970 2943 non
2027 2892 2225 2957 erant,
2287 2903 2423 2942 nam
2469 2884 2575 2942 ubi

330 2972 667 3049 augebatur
695 2972 1103 3032 Romanorum
1134 2973 1476 3047 auctoritas,
1507 2973 1730 3032 ibidem
1760 2973 2125 3033 labefactata
2155 2980 2337 3050 atque
2381 2974 2576 3031 fracta

331 3067 424 3120 est
453 3060 810 3120 Hiiensium.
876 3062 1101 3121 Tamen
1148 3062 1211 3121 in
1254 3062 1557 3121 nonnullis
1596 3062 1928 3122 Hiberniae
1973 3063 2348 3125 monasteriis
2393 3061 2576 3121 etiam

329 3155 542 3227 postea
562 3170 672 3229 per
696 3140 882 3209 anno's
905 3152 1030 3210 fere
1069 3151 1192 3209 150
1225 3150 1631 3230 principatum
1665 3152 1960 3230 quendam
1991 3153 2293 3224 tenebant,
2319 3152 2423 3212 sed
2455 3171 2576 3210 non

333 3239 532 3311 talem,
580 3239 817 3315 qualem
862 3246 1043 3300 antea
1088 3240 1195 3317 (H.
1226 3239 1345 3299 and
1377 3238 1467 3300 St.
1499 3239 1588 3313 H,
1627 3241 1680 3313 1,
1712 3263 1772 3319 p.
1810 3242 2211 3317 116-118);
2260 3240 2456 3301 Skene
2486 3239 2575 3314 ΙΙ,

325 3347 385 3404 p.
406 3328 534 3386 278
553 3330 726 3404 sqq.),
741 3327 813 3387 'et
829 3329 932 3388 vix
947 3348 1096 3406 opus
1120 3334 1211 3389 est
1234 3347 1707 3402 commemorare,
1732 3329 1894 3406 quod
1915 3329 2075 3388 inter
2096 3349 2298 3388 omnes
2322 3336 2575 3401 constat,

328 3415 568 3475 omnino
598 3414 1005 3476 Romanorum
1036 3418 1100 3477 in
1130 3417 1427 3477 Hibernia
1459 3423 1518 3476 et
1547 3417 1815 3476 Albania
1844 3417 2246 3495 principatum
2276 3438 2465 3494 usque
2498 3418 2576 3476 ad

327 3504 552 3563 saeculi
597 3503 929 3564 duodecimi
976 3512 1249 3585 tempora
1292 3506 1356 3564 vi
1411 3513 1593 3582 atque
1649 3505 1912 3565 efficacia
1966 3525 2250 3585 persaepe
2298 3506 2574 3566 caruisse.

508 3591 627 3652 Sed
674 3612 806 3652 cum
851 3614 1047 3653 meum
1105 3615 1230 3656 esse
1286 3613 1407 3653 non
1462 3595 1799 3673 putaverim
1853 3596 2015 3654 ultra
2068 3615 2289 3654 annum
2336 3594 2578 3655 circiter

333 3682 369 3739 7
378 3681 457 3739 31
510 3681 820 3741 historiam
868 3684 1166 3762 prosequi,
1213 3702 1531 3762 pergamus
1577 3683 1655 3742 ad
1694 3703 1789 3756 ea,
1836 3704 1988 3761 quae
2032 3690 2279 3744 restant.
2340 3684 2575 3761 Itaque,

328 3775 400 3829 ut
456 3770 809 3849 expleantur
865 3776 926 3830 et
981 3770 1429 3846 confirmentur,
1487 3792 1641 3849 quae
1687 3792 1868 3854 supra
1914 3773 2372 3852 disputavimus,
2421 3774 2576 3833 sicut

327 3858 700 3937 propositum
755 3866 861 3935 est,

1303 3967 1342 3982 ν

331 4084 418 4151 de
464 4081 698 4154 Scotis
746 4087 1141 4155 Hiberniae
1185 4090 1261 4155 in
1309 4089 1752 4157 continentis
1784 4090 2012 4157 terris
2043 4090 2571 4173 peregrinanti·

420 4175 591 4255 buS,
649 4175 735 4243 de
774 4175 1120 4243 Columba
1161 4176 1602 4245 Luxoviensi
1650 4179 1725 4244 et
1770 4178 1856 4246 de
1902 4176 2057 4261 ejns
2105 4178 2484 4262 discipulis

332 4300 591 4379 denique
636 4302 809 4363 nobis
840 4302 1245 4363 disserendum
1278 4309 1383 4363 est.
1443 4303 1600 4364 Nam
1632 4324 1761 4364 cum
1802 4305 2248 4383 peregrinantes
2280 4328 2313 4366 e
2342 4306 2575 4409 patriae

331 4408 474 4449 suae
519 4390 584 4447 in
630 4392 910 4451 extremis
966 4391 1127 4451 orbis
1183 4397 1480 4451 terrarum
1533 4392 1753 4454 finibus
1805 4395 2036 4473 positae
2092 4395 2456 4456 umbraculis
2510 4397 2573 4455 in
