3134 5034
1459 310 1902 365 -92-

560 490 988 568 (596—613),
1048 488 1154 565 qui
1213 486 1599 546 Childeberto
1658 486 1821 565 patri
1880 486 1943 545 in
2006 484 2365 562 Burgundio.
2425 490 2808 556 successerat,

567 579 896 640 Columbae
940 583 1191 656 propter
1233 596 1376 635 suas
1412 610 1499 621 -
1538 576 1728 654 ipsius
1775 574 2130 634 Theoderici
2162 608 2242 620 --
2276 594 2373 634 res
2409 576 2538 649 jam
2584 574 2810 632 dudum

559 654 835 731 inimicus
897 686 1029 724 eum
1091 664 1507 743 comprehendi
1561 666 1745 740 jussit
1797 670 1858 722 et
1901 683 2011 741 per
2053 662 2321 740 Ligerim
2365 663 2813 724 Nannetensem

559 759 624 816 in
677 758 888 815 urbem
943 761 1422 832 transportatum
1466 754 1532 812 in
1576 753 1836 831 patriam
1881 751 2303 812 remittendum
2348 753 2598 811 curavit.
2688 751 2809 811 Sed

557 846 850 906 Columba
908 844 1053 902 data
1113 842 1383 920 fugiendi
1440 842 1727 902 facultate
1782 842 1915 918 ipsa
1956 841 2328 901 Nannetensi
2370 841 2523 900 urbe
2568 842 2808 919 elapsus

557 935 635 994 ad
666 933 1147 992 Theodebertnm
1176 931 1267 1006 II,
1310 931 1667 990 Austrasiae
1709 950 1928 1007 regem,
1972 931 2220 990 fratrem
2266 929 2642 1002 Theoderici,
2672 950 2804 1007 per·

555 1023 725 1084 venit
794 1028 872 1080 et
925 1022 1002 1080 ab
1071 1040 1143 1079 eo
1204 1007 1566 1098 potestatem
1629 1020 1859 1096 accepit
1919 1018 2234 1078 habitandi
2297 1025 2360 1077 et
2419 1018 2811 1097 praedicandi

559 1111 943 1189 Brigantiae,
1002 1110 1068 1168 in
1110 1111 1260 1168 urbe
1306 1110 1645 1169 Helvetiae.
1734 1107 1886 1167 Inde
1930 1108 2127 1167 tribus
2170 1116 2310 1185 post
2354 1107 2529 1166 annis
2574 1107 2809 1167 insidiis

560 1200 916 1261 Theoderici
975 1199 1189 1258 cedens
1244 1198 1398 1257 abiit
1452 1199 1516 1256 in
1560 1196 1804 1256 Italiam
1848 1197 2053 1274 ibique
2097 1197 2415 1257 Bobiensis
2461 1196 2813 1255 monasterii

557 1292 633 1349 ab
682 1290 813 1370 ipso
846 1288 1071 1348 conditi
1112 1288 1341 1366 primus
1370 1287 1557 1346 abbas
1589 1306 1746 1345 anno
1781 1285 1926 1358 615,
1971 1290 2042 1344 ut
2072 1284 2332 1358 videtur,
2374 1285 2504 1344 vita
2535 1284 2810 1344 decessit.

735 1378 906 1464 Haec
962 1376 1036 1434 de
1081 1376 1208 1436 vita
1252 1374 1597 1434 Columbae.
1672 1375 1768 1433 De
1814 1374 2079 1433 moribus
2123 1377 2253 1450 ejus
2299 1372 2444 1451 quid
2488 1373 2809 1433 dicendum

555 1468 654 1542 sit,
700 1466 892 1543 magis
935 1470 1144 1523 nostra
1186 1465 1572 1523 interest.-·
1607 1463 1726 1537 Qui
1771 1469 1970 1522 essent
1999 1461 2313 1521 Scotorum
2345 1482 2538 1521 mores
2575 1462 2812 1539 proprii

554 1557 619 1616 in
664 1555 956 1614 Columba
1018 1559 1082 1612 et
1138 1552 1203 1611 in
1261 1553 1438 1612 sociis
1491 1556 1621 1629 ejus
1664 1552 1836 1611 brevi
1882 1551 2193 1653 apparuit,
2254 1571 2392 1609 nam
2438 1547 2811 1610 Scoticarum

555 1641 917 1704 tratitionum
961 1639 1356 1701 memmimus
1402 1649 1756 1701 consectator
1800 1661 1918 1698 non
1956 1640 2091 1699 sine
2117 1640 2324 1717 aliquo
2346 1643 2483 1715 jure
2515 1638 2811 1699 Columba

501 1762 507 1768 ·
556 1731 892 1811 appellatus
916 1738 1008 1789 est
1030 1730 1095 1788 ιιι
1117 1730 1318 1789 codice
1344 1730 1601 1807 quodam
1624 1735 1863 1789 vetusto
1889 1728 2265 1805 sangallensi
2288 1727 2531 1804 (Greith
2554 1749 2612 1810 p.
2633 1728 2811 1804 295).

557 1821 677 1881 Sed
728 1819 964 1897 quando
1012 1819 1419 1878 controversia
1461 1819 1538 1877 de
1586 1817 1900 1878 Scotorum
1944 1818 2211 1877 moribus
2253 1818 2320 1876 in
2351 1816 2551 1876 Gallia
2597 1823 2809 1876 exorta

555 1911 654 1982 sit,
701 1909 1037 1970 accuratius
1081 1907 1317 1966 definiri
1360 1927 1482 1967 non
1527 1913 1745 1985 potest.
1833 1906 2104 1966 Primum
2151 1907 2590 1966 controversiae
2639 1906 2809 1965 testi·

556 1997 822 2070 monium
868 1997 1129 2056 occurrit
1173 1996 1345 2056 nobis
1391 1997 1587 2075 prima
1634 1997 1722 2073 [et
1764 2015 1902 2068 una,
1950 2015 2103 2072 quae
2141 1996 2221 2054 ad
2248 2002 2516 2054 nostram
2548 2000 2811 2054 aetatem

554 2086 907 2166 permansit]
956 2085 1279 2145 Columbae
1326 2085 1586 2163 epistula
1630 2084 1708 2143 ad
1738 2083 2099 2161 Gregorium
2128 2084 2412 2160 Magnum
2458 2083 2655 2155 missa,
2702 2083 2811 2142 sed

558 2196 677 2252 quo
722 2182 994 2253 tempore
1039 2174 1144 2232 illa
1175 2174 1514 2252 conscripta
1542 2174 1640 2246 sit,
1688 2174 1999 2244 nescimus,
2047 2174 2321 2250 quamvis
2351 2172 2675 2232 verisimile
2708 2171 2807 2243 sit,

556 2285 686 2323 eam
748 2263 1181 2342 posterioribus
1241 2263 1444 2340 potius
1488 2260 1772 2338 Gregorii
1832 2262 2004 2319 annis
2059 2267 2364 2320 exaratam
2411 2281 2564 2333 esse,
2628 2280 2808 2337 quam

558 2351 911 2432 prioribus}
986 2350 1238 2409 Publice
1297 2350 1512 2409 deinde
1574 2350 1884 2409 duodecim
1931 2351 2103 2409 annis
2147 2357 2287 2428 post
2329 2349 2657 2409 Columbae
2709 2347 2813 2422 „in

556 2446 851 2500 eremum“
906 2441 1228 2499 adventum
1274 2442 1394 2517 (ep.
1442 2440 1500 2512 2,
1544 2438 1709 2497 Bibl.
1755 2459 1910 2497 max.
1956 2438 2110 2512 XII,
2157 2461 2216 2517 p.
2265 2439 2351 2495 25,
2382 2437 2465 2515 G)
2515 2473 2600 2483 —-
2647 2458 2804 2496 anno

559 2530 689 2588 602
736 2530 833 2588 vel
882 2530 1028 2601 603,
1072 2535 1143 2586 ut
1186 2527 1445 2600 videtur,
1496 2561 1574 2572 —
1625 2528 1688 2585 in
1733 2527 1960 2604 synodo
2008 2526 2301 2628 quadam²
2344 2535 2546 2586 actum
2592 2534 2686 2585 est
2729 2526 2807 2584 de

556 2617 976 2677 controversia.
1050 2614 1156 2673 Ad
1197 2636 1374 2692 quam
1404 2616 1696 2692 synodum
1727 2615 2019 2675 Columba
2049 2636 2181 2675 cum
2211 2616 2340 2694 ipse
2369 2616 2573 2675 venire
2603 2616 2811 2688 nollet,

554 2704 821 2787 aeson-te
865 2702 1542 2783 contmderetpraesem
1587 2712 1792 2763 contra
1834 2702 2641 2786 apostolidictumdicenm:
2684 2701 2811 2764 noli

555 2791 742 2853 verbis
801 2791 1139 2854 contendere
1198 2795 1318 2871 (ep.
1367 2795 1432 2865 2,
1479 2815 1537 2871 p.
1588 2793 1670 2851 25
1717 2794 1835 2869 Η),
1895 2794 2132 2871 scripsit
2191 2793 2269 2853 ad
2327 2801 2533 2872 patres
2591 2793 2809 2871 synodi

556 2883 886 2961 epistolam,
935 2880 1087 2959 'quae
1135 2887 1333 2941 exstat
1378 2883 1639 2941 secunda
1684 2882 1868 2958 (Bibl.
1914 2903 2068 2941 max.
2100 2882 2254 2955 XII,
2299 2903 2358 2959 p.
2408 2883 2492 2940 24
2538 2885 2719 2959 sqq..)

732 2971 867 3030 Has
912 2971 1060 3029 duas
1105 2971 1406 3049 epistolas,
1452 2971 1617 3029 illam
1663 2971 1741 3029 ad
1771 2969 2131 3048 Gregorium
2177 2976 2240 3029 et
2282 2971 2436 3030 hanc
2481 2970 2558 3030 ad
2603 2977 2810 3048 patres

556 3060 767 3137 synodi
811 3059 1078 3130 missam,
1139 3079 1273 3116 cum
1319 3059 1735 3134 conscriberet,
1781 3058 2106 3118 Columbae
2151 3059 2413 3119 nondum
2459 3059 2809 3138 persuaderi

555 3153 796 3227 poterat
839 3144 1153 3205 Gallorum
1210 3146 1549 3205 celebrandi
1594 3148 1732 3218 festi
1776 3148 2072 3225 paschalis
2118 3168 2341 3207 morem
2385 3167 2641 3225 pravum
2686 3167 2809 3206 non

704 3339 725 3370 ²
764 3337 1057 3394 Greithius
1098 3338 1180 3406 (p.
1208 3337 1339 3406 266)
1378 3336 1658 3405 epistulae
1698 3340 1946 3401 aetatem
1984 3337 2224 3391 indicari
2261 3342 2428 3407 putat
2465 3354 2805 3392 commemo-

558 3413 684 3463 rato
737 3426 770 3462 a
820 3407 1096 3463 Columba
1135 3407 1392 3461 Candido
1444 3407 1781 3475 presbytero
1837 3425 1871 3461 a
1909 3406 2187 3476 Gregorio
2226 3411 2287 3462 in
2325 3409 2575 3464 Galliam
2610 3410 2801 3474 miss0,

560 3481 659 3535 sed
710 3483 770 3533 et
807 3479 1096 3533 Candidus
1144 3482 1274 3546 post
1310 3496 1519 3532 annum
1556 3479 1790 3533 circiter
1826 3478 1931 3533 595
1977 3479 2073 3548 (cf.
2115 3478 2287 3549 Greg.
2328 3481 2417 3535 ad.
2462 3479 2669 3544 Cand.;
2711 3497 2804 3548 op.

559 3552 646 3604 ed.
685 3551 901 3605 Bened.
941 3549 1020 3614 Π,
1060 3566 1117 3617 p.
1145 3549 1277 3618 796)
1317 3550 1637 3619 complures
1676 3566 1851 3603 annos
1886 3550 1947 3602 in
1986 3548 2177 3604 Gallia
2212 3551 2548 3605 versabatur
2587 3551 2687 3619 (cf.
2716 3567 2802 3620 ep.

559 3621 731 3689 Greg.
773 3622 862 3674 ad.
907 3619 1113 3685 Cand.;
1152 3637 1243 3688 op.
1283 3620 1362 3686 H,
1410 3638 1466 3689 p.
1510 3620 1674 3688 1171)
1724 3624 1798 3685 et,
1850 3624 1991 3689 quot
2025 3621 2307 3675 mensibus
2345 3622 2440 3675 vel
2476 3622 2638 3676 annis
2675 3625 2809 3690 post

558 3691 713 3745 illius
752 3692 1055 3745 adventum
1094 3692 1338 3758 epistula
1366 3691 1679 3745 Columbae
1716 3691 1931 3760 scripta
1968 3692 2057 3756 sit,
2098 3694 2160 3746 in
2196 3693 2420 3746 occulto
2459 3693 2622 3746 latet.
2691 3691 2807 3746 Sed

555 3761 901 3816 Laurentius
941 3759 1366 3827 Cautum-ensis,
1422 3763 1531 3815 nisi
1579 3763 1849 3817 mentitus
1898 3767 1984 3817 est
2020 3733 2207 3831 (Beda
2242 3764 2297 3817 h.
2338 3781 2387 3817 e.
2429 3764 2481 3830 2,
2519 3763 2571 3829 4,
2614 3764 2647 3834 ξ
2690 3763 2801 3832 98),
2904 3773 2910 3778 ”

557 3834 629 3887 de
668 3832 944 3888 Columba
992 3849 1107 3885 non
1154 3833 1375 3886 audivit
1419 3833 1534 3887 nisi
1580 3838 1951 3903 postquam
1998 3834 2266 3888 Britones
2313 3804 2611 3903 cognovi’t,
2667 3851 2803 3903 ergo

556 3908 689 3973 post
738 3921 945 3958 annum
990 3903 1093 3958 597
1137 3903 1230 3957 vel
1279 3904 1469 3972 potius
1513 3905 1637 3973 6013
1692 3906 1861 3974 quod,
1918 3922 2044 3959 cum
2087 3904 2607 3973 frequentissimum
2655 3923 2806 3960 com-

557 3975 832 4029 mercium
866 3978 1003 4030 tunc
1041 3973 1216 4028 fuerit
1250 3975 1404 4028 inter
1428 3976 1785 4030 Britanniam
1824 3980 1881 4028 et
1908 3975 2154 4030 Galliam
2192 3979 2254 4029 et
2276 3975 2557 4041 Romam,
2578 3980 2640 4031 et
2677 3994 2805 4030 cum

556 4046 670 4115 ipsi
710 4046 966 4099 Candido
1005 4062 1135 4099 cum
1158 4045 1480 4114 Augustino
1520 4050 1580 4100 et
1601 4045 1915 4101 Laurentio
1953 4048 2304 4101 consuetudo
2344 4047 2535 4111 fuerit,
2577 4048 2807 4102 videtur

560 4117 840 4182 indicare,
892 4117 1339 4170 controversiam
1376 4118 1534 4171 illam
1572 4119 1667 4172 vix
1704 4120 1836 4171 ante
1876 4117 2134 4170 exeuntis
2172 4119 2381 4172 saeculi
2418 4123 2644 4187 tempus
2685 4134 2807 4171 esse

556 4192 753 4242 ortam.

703 4258 730 4290 ²
774 4256 941 4311 Hanc
1004 4257 1281 4323 synodum
1336 4258 1782 4329 intellegendam
1839 4274 1960 4311 esse
2016 4259 2291 4325 synodum
2345 4260 2806 4316 Cabillonensem

559 4329 693 4382 anni
731 4328 835 4383 603
874 4329 1203 4396 conjectura
1242 4330 1606 4397 sagacissima
1643 4330 1905 4398 opinatus
1944 4333 2033 4382 est
2057 4328 2352 4384 Hertelius
2378 4362 2446 4370 —
2472 4329 2804 4384 Zeitschrift

556 4398 594 4452 f.
634 4398 1084 4468 Kirehengesch.
1124 4396 1237 4465 ΠΙ,
1278 4416 1335 4467 p.
1378 4399 1482 4454 148
1520 4418 1639 4468 sqq.
