3134 5034
1510 318 1943 375 ...60—

612 497 821 557 dubito
882 517 1078 557 annon
1132 500 1258 573 jam
1317 495 1493 555 hodie
1554 495 1828 573 cuiquam
1885 495 2063 555 liceat
2122 496 2470 557 nominibus
2524 497 2656 557 illis
2706 499 2886 575 arg'u-
2942 525 2947 530 ·

612 586 894 660 mentari,
957 593 1115 646 certe
1162 586 1283 645 scio
1327 608 1420 645 me
1465 586 1660 665 ipsum
1722 592 1785 645 et
1836 606 2062 660 omnes,
2124 586 2227 663 qui
2275 586 2593 660 nesciant,
2664 587 2891 666 quibus

616 677 958 737 auctoribus
1004 677 1271 753 singulae
1318 677 1728 754 episcoporum
1758 677 1855 736 vel
1886 677 2168 735 abbatum
2201 675 2549 735 mentiones
2582 677 2886 751 nitantur,

613 765 953 842 hujusmodi
998 766 1365 841 argumentis
1420 786 1543 825 rem
1591 765 1790 867 potius
1835 767 2288 843 perturbaturos
2330 785 2491 839 esse,
2546 787 2744 844 quam
2793 787 2889 826 ex-

611 858 975 935 planaturos.
1038 854 1436 928 Quamobrem
1479 855 1544 913 in
1590 854 1681 929 iis,
1727 874 1878 931 quae
1909 856 2225 933 proferam,
2270 855 2347 914 ad
2391 811 2668 915 an'nales
2701 857 2884 916 raris·

612 946 757 1005 sime
801 944 1155 1023 provocab0.

793 1033 911 1093 Sed
954 1033 1262 1093 redeamus
1306 1033 1382 1092 ad
1420 1034 1465 1094 J
1467 1033 1716 1094 ohanms
1760 1054 1955 1113 papae
2001 1034 2331 1113 epistulam.
2394 1035 2889 1096 Concedendum

614 1130 704 1183 est
750 1144 976 1197 omnes,
1025 1123 1240 1201 quibus
1283 1123 1571 1201 inscripta
1617 1129 1729 1196 est,
1790 1123 1970 1183 fuisse
2016 1125 2291 1198 abbates,
2348 1125 2458 1185 sed
2510 1146 2645 1184 non
2696 1125 2885 1203 negli-

614 1214 873 1291 gendum
919 1213 1231 1272 nonnullos
1264 1214 1417 1273 solos
1450 1212 1747 1271 nominari
1777 1213 2096 1291 episcopos.
2157 1215 2243 1273 Et
2273 1234 2404 1273 cum
2441 1215 2887 1295 episcoporum

615 1311 676 1363 et
721 1304 1217 1404 presbyterorum,
1252 1307 1311 1361 et
1356 1301 1712 1379 dignitatem
1759 1306 1820 1361 et
1862 1323 2110 1363 munera
2155 1304 2390 1363 diversa
2448 1305 2650 1365 fuisse
2699 1325 2888 1383 supra

615 1397 698 1471 (p.
751 1393 860 1469 58)
908 1392 1354 1469 cognoverimus
1401 1391 1517 1451 alia
1575 1391 1755 1450 fuisse
1809 1412 2043 1453 necesse
2103 1399 2194 1453 est
2252 1414 2506 1453 munera
2575 1393 2886 1466 Tomiani‚

615 1481 971 1541 Columbani
1033 1481 1398 1558 reliquorum
1459 1481 1867 1560 episcoporum
1927 1488 1989 1542 et
2033 1483 2316 1543 abbatum
2330 1528 2343 1557 ‚
2404 1484 2536 1543 alia
2587 1483 2885 1543 Oromani

616 1579 677 1631 et
721 1571 1084 1647 reliquorum
1131 1571 1416 1629 abbatum
1447 1572 1950 1648 presbyterorum.
2013 1572 2106 1631 De
2139 1592 2255 1649 qua
2300 1593 2365 1631 re
2412 1573 2573 1650 quid
2622 1572 2885 1633 senserit

615 1661 742 1734 ille,
803 1660 907 1736 qui
966 1659 1281 1737 epistulam
1342 1659 1606 1738 scripsit,
1665 1660 1714 1720 J
1714 1661 1973 1719 ohannes
2030 1681 2215 1740 papa,
2275 1662 2450 1722 facile
2518 1666 2883 1740 conjectura

616 1755 818 1828 potest
848 1749 1060 1827 colligi.
1130 1749 1310 1808 Haud
1342 1748 1521 1808 dubie
1553 1749 1709 1808 enim
1740 1750 1854 1810 sibi
1893 1752 2207 1828 persuasit,
2238 1752 2631 1826 Hiberniam,
2665 1773 2878 1830 quam·

615 1840 706 1898 vis
752 1838 1009 1898 maxima
1040 1846 1192 1899 esset
1223 1838 1718 1898 monasteriorum
1750 1839 2090 1914 auctoritas,
2136 1847 2336 1901 tamen
2376 1841 2467 1900 ita
2501 1841 2879 1921 descriptam

617 1949 742 1989 esse
788 1929 852 1987 in
885 1929 1243 2007 episcopales
1273 1929 1560 2006 regiones,
1605 1935 1676 1988 ut
1707 1929 1982 2007 episcopi,
2031 1930 2134 2008 qui
2164 1929 2343 1990 iidem
2384 1932 2653 1991 abbates
2685 1935 2875 2003 erant,

618 2019 981 2096 singularum
1028 2019 1381 2078 dioecesium
1441 2039 1641 2078 curam
1702 2025 1994 2096 gererent.
2084 2020 2260 2079 Hanc
2314 2021 2701 2098 opinionem,
2764 2019 2874 2079 etsi

620 2108 885 2168 Toddius
933 2108 1029 2184 (cf.
1071 2108 1343 2186 Loening
1391 2107 1477 2181 H,
1508 2130 1564 2187 p.
1601 2109 1728 2167 413
1771 2114 1833 2167 et
1873 2108 2045 2184 445),
2093 2128 2267 2187 quem
2314 2108 2582 2170 Skenius
2632 2115 2872 2170 secutus

622 2205 713 2257 est
757 2196 868 2273 (II,
901 2218 958 2275 p.
994 2198 1102 2274 94)
1150 2198 1325 2257 aliter
1368 2198 1609 2258 videtur
1654 2198 1918 2271 sensisse,
1966 2219 2002 2256 a
2040 2218 2183 2257 vero
2228 2200 2481 2258 multum
2533 2201 2867 2270 aberrasse,

617 2307 736 2346 non
781 2286 1000 2357 habe0,
1062 2286 1221 2363 quod
1279 2293 1499 2363 putem.
1591 2287 1906 2346 Accedunt
1965 2287 2121 2346 enim
2181 2288 2259 2347 ad
2317 2288 2510 2367 ipsius
2573 2289 2865 2368 epistulae

620 2374 1032 2436 auctoritatem
1080 2375 1198 2434 alia
1245 2382 1621 2452 argumenta,
1685 2396 1836 2453 quae
1880 2396 2007 2435 rem
2061 2377 2148 2437 ita
2201 2398 2328 2438 sese
2371 2379 2666 2439 habuisse
2716 2397 2864 2437 com·

616 2466 887 2545 probent.

794 2553 1059 2613 Primum
1109 2555 1266 2632 quod
1313 2554 1565 2613 Patricii
1611 2556 1976 2633 temporibus
2024 2555 2347 2634 episcopos,
2395 2564 2464 2616 ut
2512 2559 2607 2617 ita
2656 2557 2863 2628 dicam,

617 2643 984 2724 parochiales
1028 2644 1092 2701 in
1139 2643 1434 2702 Hibernia
1478 2644 1660 2704 fuisse
1719 2650 1995 2723 putemus
2053 2666 2289 2705 necesse
2346 2652 2461 2721 est,
2532 2649 2700 2725 quod
2763 2664 2859 2705 nec

619 2733 874 2793 Skenius
934 2739 1117 2811 negat
1177 2753 1286 2791 nec
1333 2733 1598 2793 Toddius
1657 2755 1900 2811 negasse
1955 2736 2209 2795 videtur.
2298 2737 2455 2797 Nam
2517 2738 2572 2795 si
2636 2732 2860 2813 aliquid

620 2824 691 2882 de
735 2822 1000 2882 Patricio
1049 2828 1308 2897 constat,
1371 2822 1481 2881 hoc
1526 2831 1751 2883 certum
1798 2832 1904 2884 est.
1995 2826 2131 2885 Non
2191 2826 2530 2902 provocabo
2581 2826 2662 2885 ad
2710 2825 2861 2886 vitas

620 2933 809 2990 neque
869 2913 945 2970 ad
1004 2912 1151 2970 illud
1197 2912 1449 2971 Patricii
1506 2909 1838 2984 „Patricius
1896 2911 2253 2973 Hibernione
2312 2913 2656 2975 constituam
2719 2910 2857 2995 epis·

620 3008 834 3082 copus“
883 3003 1002 3080 (ep.
1056 3004 1085 3059 1
1138 3002 1217 3059 Η.
1266 3001 1386 3060 and
1431 3001 1518 3061 St.
1563 3002 1659 3076 ΙΙ,
1710 3004 1746 3059 2
1804 3025 1862 3081 p.
1912 3004 2067 3080 314)
2129 3024 2320 3080 neque
2381 3004 2457 3062 ad
2519 3005 2858 3081 catalogum

625 3091 992 3164 Sanctorum,
1040 3090 1103 3148 in
1151 3111 1267 3191 quo
1314 3090 1458 3149 haec
1502 3092 1905 3170 reperiuntur:
1942 3091 2181 3175 primus
2226 3092 2373 3153 ordo
2423 3090 2860 3154 Catholicorum

622 3177 973 3239 Sanam-um
1035 3187 1159 3238 erat
1217 3176 1280 3238 in
1339 3187 1594 3263 tempore
1649 3178 1911 3241 Patricii.
2016 3178 2097 3241 Et
2154 3190 2289 3241 tunc
2347 3192 2514 3242 erant
2571 3174 2861 3263 &scopi

621 3287 817 3329 omnes
846 3312 1051 3327 .....
1098 3264 1193 3328 Hi
1237 3288 1429 3329 omnes
1474 3268 1730 3351 episcopi
1771 3269 1845 3329 de
1892 3267 2181 3331 Romanis
2226 3280 2277 3331 et
2324 3253 2580 3332 Francis
2627 3280 2682 3332 et
2711 3264 2853 3329 Bri

623 3355 848 3419 mnibus
894 3365 947 3418 et
991 3354 1180 3418 Scotis
1225 3357 1414 3418 exorti
1455 3368 1588 3418 sunt
1633 3359 1736 3436 (Η.
1784 3360 1918 3420 and.
1966 3360 2053 3420 St.
2101 3360 2186 3435 H,
2232 3363 2268 3419 2
2316 3383 2374 3439 p.
2409 3362 2584 3439 292),
2634 3360 2739 3421 sed
2785 3355 2856 3416 ad

620 3446 846 3527 patrios
890 3447 1077 3524 ipsius
1131 3448 1378 3507 Patricii
1440 3468 1629 3508 mores
1676 3450 1880 3527 (supra
1924 3470 1981 3527 p.
2033 3451 2143 3528 29)
2190 3457 2250 3509 et
2310 3471 2505 3509 coram
2562 3448 2852 3516 omnibus,

624 3537 837 3615 quibus
896 3535 1224 3596 Patricium
1283 3558 1412 3596 cum
1472 3538 1761 3597 Romanis
1821 3539 2308 3598 necessitudinem
2384 3540 2665 3600 habuisse
2726 3555 2853 3616 per-

622 3626 920 3699 suaserim,
945 3626 1021 3685 ad
1042 3627 1348 3686 Romanae
1373 3627 1650 3687 ecclesiae
1675 3628 2170 3687 consuetudinem.
2226 3629 2451 3703 Quodsi
2471 3628 2537 3687 in
2560 3624 2854 3688 Hibernia

626 3716 763 3775 olim
810 3717 1049 3775 fuerunt
1094 3717 1260 3776 sedes
1308 3717 1694 3795 episcopales,
1755 3716 1911 3775 haud
1972 3717 2146 3776 facile
2203 3719 2513 3795 quisquam
2561 3718 2679 3778 sibi
2723 3733 2850 3793 per·

624 3805 868 3865 suadeat
913 3826 1140 3865 omnem
1188 3806 1407 3885 prioris
1453 3811 1644 3865 status
1690 3806 2030 3865 memoriam
2078 3808 2381 3866 evanuisse
2427 3807 2587 3867 inter
2629 3806 2847 3866 Scotos.

806 3894 1138 3955 Secundum
1172 3896 1331 3973 quod
1363 3894 1604 3954 summis
1636 3895 1698 3953 in
1729 3896 2049 3954 honoribus
2081 3896 2238 3973 apud
2269 3894 2476 3955 Scotos
2521 3896 2850 3955 habebatur

626 3985 1045 4062 Hieronymus.
1137 3984 1323 4062 Cujus
1369 3984 1583 4043 aetatis
1631 3984 1733 4062 qui
1777 3985 1984 4044 fuisset
2038 3990 2231 4044 status
2287 3986 2713 4045 ecclesiasticus
2758 3979 2846 4039 vel

621 4074 1047 4147 hierarchicus,
1112 4073 1277 4133 Scoti
1337 4092 1455 4131 non
1509 4074 1895 4150 ignorabant,
1958 4074 2134 4132 immo
2182 4074 2470 4133 Columba
2516 4071 2844 4133 Luxovien·

622 4163 718 4237 sis,
765 4163 1030 4223 Hiiensis
1077 4163 1399 4222 Columbae
1446 4164 1727 4239 aequalis,
1773 4164 1959 4243 ipsius
2004 4163 2357 4241 Hieronymi
2401 4164 2599 4223 verbis
2645 4160 2842 4226 utitur,

621 4259 690 4312 ut
753 4273 904 4330 quae
967 4252 1088 4311 sint
1149 4252 1591 4329 episcoporum,
1663 4273 1813 4331 quae
1846 4310 1851 4314 ,
1887 4253 2301 4312 monachorum
2363 4252 2555 4312 officia
2615 4250 2839 4310 doceat:

623 4339 709 4402 St.
772 4338 1198 4422 Hieronymus,
1260 4340 1455 4418 inquit
1502 4342 1624 4420 (ep.
1676 4345 1730 4416 2,
1792 4342 1934 4401 bibl.
1979 4363 2129 4401 max.
2176 4348 2331 4420 patr.
2387 4344 2483 4416 12,
2529 4365 2585 4421 p.
2636 4336 2717 4398 26
2745 4332 2842 4407 1).)

608 4428 791 4512 jussit
822 4428 1115 4510 epi-scopos
1132 4427 1369 4490 'imitari
1398 4428 1705 4513 apostolo-3,
1750 4428 2061 4493 monachos
2090 4451 2222 4491 vero
2253 4429 2447 4491 docuit
2475 4429 2633 4514 sequi
2654 4433 2843 4510 patr&
