3134 5034
1220 313 1656 373 ..45-

413 484 698 553 Constans
740 492 805 553 in
848 492 948 554 dei
988 492 1193 553 timore
1237 502 1289 554 et
1313 493 1445 576 fide
1486 491 1815 565 immobilis,

409 599 585 661 super
628 601 799 662 quem
843 582 1182 665 aedificatur
1224 590 1287 641 ut
1333 580 1544 643 Petrus
1590 580 1839 656 ecclesia,

409 665 682 751 cujusque
705 668 1099 753 apostolatum
1126 691 1166 729 a
1197 671 1303 730 deo
1335 670 1571 730 sortitus
1600 680 1705 730 est:
1740 672 1844 746 (H.
1870 671 1987 731 and
2010 671 2100 734 St.
2126 673 2211 745 II,
2240 675 2296 746 2,
2320 694 2377 750 p.
2407 674 2559 749 324)

199 756 214 769 ’
325 758 431 816 illa
477 759 914 837 interpretandi
958 759 1191 819 ratione
1221 761 1309 818 ita
1340 780 1512 837 posse
1543 761 1829 837 intellegi,
1874 768 1944 820 ut
1975 782 2010 818 a
2040 783 2198 839 papa
2228 762 2559 821 Patricium

317 847 562 906 missum
623 868 748 907 esse
809 846 1124 908 videantur
1192 869 1486 907 enarrare.
1604 848 1723 907 Sed
1780 870 1973 926 neque
2033 851 2126 908 his
2187 871 2379 927 neque
2440 850 2559 909 illis

322 936 596 994 versibus
641 938 732 995 uti
777 938 935 1010 licet,
981 937 1161 996 immo
1194 936 1589 996 confitendum
1638 943 1745 1011 est,
1792 936 2115 997 Secundini
2159 939 2439 1015 hymnum
2485 940 2560 998 ad

322 1023 790 1084 adumbrandam
849 1025 1101 1085 Patricii
1159 1027 1349 1085 vitam
1409 1026 1627 1085 nullius
1688 1027 1971 1086 momenti
2032 1047 2172 1087 esse.
2276 1028 2450 1100 Quod
2510 1028 2560 1085 si

320 1132 521 1171 omnes
569 1115 982 1187 concederent,
1043 1113 1116 1172 de
1172 1121 1440 1191 tempore
1499 1115 1708 1173 melius
1748 1115 2102 1190 judicarent.
2194 1116 2356 1174 Luce
2403 1116 2557 1174 enim

322 1201 539 1260 clarius
600 1209 688 1261 est
746 1223 1057 1280 perperam
1121 1202 1376 1262 attribui
1427 1203 1540 1262 hoc
1597 1223 1832 1262 carmen
1879 1203 2237 1276 Secundino,
2307 1205 2560 1263 Patricii

321 1290 556 1365 aequali
601 1311 787 1368 eoque
832 1292 1085 1350 testibus
1131 1292 1444 1351 annalibus
1489 1292 1595 1366 (H.
1629 1292 1745 1350 and
1778 1290 1866 1350 St.
1897 1292 1983 1365 II,
2019 1294 2056 1350 2
2090 1314 2148 1370 p.
2185 1294 2307 1351 327
2343 1298 2465 1352 not.
2496 1295 2557 1368 a)

321 1383 460 1436 ante
491 1379 681 1455 ipsum
712 1379 1043 1438 Patricium
1074 1386 1326 1440 mortuo.
1420 1381 1632 1439 Nonne
1658 1384 1781 1455 jam
1812 1381 1990 1457 primi
2022 1381 2296 1440 carminis
2327 1400 2556 1441 versus.

409 1461 650 1537 Audite,
697 1487 892 1527 omnes
936 1476 1197 1544 amantes
1241 1468 1437 1538 dmm,
1485 1477 1687 1527 sancta
1732 1468 1940 1529 merita

408 1553 524 1613 viri
548 1554 611 1614 in
643 1553 880 1616 Christo
912 1554 1064 1615 beati
1091 1554 1342 1615 Patricii
1368 1555 1651 1637 epi-sowi.-
1688 1558 1793 1632 (H.
1827 1558 1945 1616 and
1977 1555 2066 1617 St.
2099 1557 2186 1631 ΙΙ,
2220 1560 2274 1630 2,
2309 1581 2366 1636 p.
2401 1559 2556 1634 324)

320 1643 729 1704 demonstrant
774 1652 1011 1722 poetam
1056 1646 1242 1703 multo
1287 1650 1424 1723 post
1453 1645 1706 1704 Patricii
1736 1651 1986 1705 mortem
2017 1646 2277 1706 vixisse?
2322 1647 2554 1723 Itaque,

322 1752 440 1808 quo
485 1739 750 1811 tempore
795 1733 1049 1809 hymnus
1096 1733 1454 1813 compositus
1500 1733 1605 1807 sit,
1663 1734 1777 1794 nisi
1824 1756 1894 1793 ex
1940 1735 2088 1811 ipsis
2144 1735 2443 1795 codicibus
2499 1729 2558 1797 et

320 1841 393 1878 ex
448 1828 714 1881 veterum
770 1822 1125 1881 testimoniis
1180 1821 1412 1880 definiri
1466 1842 1586 1881 non
1642 1829 1856 1899 potest.
1948 1824 2170 1883 Exstat
2230 1830 2429 1883 autem
2493 1823 2555 1882 in

321 1908 519 1968 codice
563 1909 704 1968 libri
749 1910 1099 1985 hymnorum
1145 1931 1277 1970 saec
1316 1910 1418 1968 XI
1463 1909 1721 1986 (Stokes,
1769 1909 2077 1970 Goidelica
2107 1912 2247 1971 edit.
2280 1914 2318 1969 2
2352 1934 2409 1989 p.
2445 1914 2554 1988 61)

321 2003 383 2056 et
427 1998 490 2055 in
535 1996 977 2075 Antiphonario
1031 1999 1433 2058 Benchorensi
1490 2005 1631 2057 ante
1687 2020 1906 2058 annum
1963 2001 2084 2058 691
2103 2045 2117 2072 ,
2185 2007 2255 2059 ut
2308 2006 2555 2077 putatur

321 2087 486 2160 (num
532 2087 732 2146 recte?
780 2089 851 2146 cf.
900 2093 1108 2145 contra
1154 2086 1414 2160 Schoell,
1459 2088 1704 2164 Herzog
1749 2088 1824 2146 R.
1869 2088 1940 2146 E.
1995 2089 2067 2146 11
2121 2109 2177 2165 p.
2228 2090 2354 2146 200
2403 2092 2553 2163 ejus-

321 2174 454 2232 dem
501 2175 638 2235 diss.
686 2197 743 2254 p.
795 2175 922 2253 54),
970 2174 1329 2253 conscripto;
1399 2176 1592 2253 prima
1636 2196 1777 2234 vero
1822 2197 1963 2235 vero
2012 2177 2287 2235 carminis
2331 2179 2553 2236 mentio

319 2264 617 2340 reperitur
661 2265 723 2322 in
765 2264 1184 2323 additamentis
1215 2264 1534 2325 Tirechani
1566 2265 1744 2341 (liber
1772 2264 1985 2323 Ardm.
2016 2265 2270 2325 Betham
2300 2265 2385 2339 ΙΙ,
2417 2287 2553 2345 app.

319 2372 376 2428 p.
424 2351 759 2429 XXXVI).
849 2353 1065 2429 Itaque
1126 2355 1357 2412 saeculo
1418 2355 1672 2432 septimo
1732 2355 1990 2432 p'riorem
2051 2375 2174 2413 esse
2234 2354 2554 2414 Secundini

322 2440 600 2541 hymnum
632 2442 1007 2519 comprobari
1049 2462 1164 2499 non
1211 2449 1424 2519 potest,
1473 2463 1658 2520 eaque
1706 2443 1836 2520 ipsa
1881 2444 1953 2539 de
2000 2463 2175 2503 causa
2222 2444 2400 2501 etiam
2445 2443 2552 2501 mi·

321 2529 482 2587 noris
527 2530 810 2589 momenti
855 2536 962 2589 est.

497 2618 663 2691 Quae
718 2619 958 2678 tandem
1014 2625 1253 2678 exstant
1306 2620 1526 2679 saeculi
1581 2620 1819 2699 septimi
1874 2622 2063 2680 altera
2123 2626 2297 2698 parte
2355 2621 2556 2698 priora

320 2707 394 2766 de
438 2706 703 2766 Patricio
763 2706 1141 2767 testimonia?
1215 2709 1353 2767 Duo
1415 2715 1577 2782 sunt,
1646 2709 1814 2787 prius
1875 2730 1945 2768 ac
2006 2709 2193 2768 levius
2254 2709 2555 2783 Cumeani‚

323 2796 572 2855 alterum
618 2797 1034 2874 gravissimum
1082 2795 1403 2856 Columbae
1448 2797 1860 2856 Luxoviensis.

499 2884 741 2943 Certum
800 2891 891 2945 est
944 2890 1280 2961 utrumque.
1368 2885 1492 2944 Vix
1551 2886 1707 2943 enim
1767 2886 1984 2945 licebat
2043 2884 2333 2945 Schoellio
2395 2886 2558 2961 (diss.

321 2995 378 3050 p.
429 2974 539 3048 73)
582 2973 646 3030 in
693 2973 1126 3033 dubitationem
1170 2994 1409 3047 vocare,
1459 2994 1610 3050 quae
1657 2974 1992 3034 Cumeanus
2035 2973 2109 3031 de
2155 2975 2337 3033 variis
2383 2975 2560 3051 cyclis

321 3062 697 3140 paschalibus
758 3063 942 3121 verba
1002 3063 1225 3121 faciens
1286 3062 1538 3140 Segenio
1556 3107 1572 3135 ,
1640 3063 1847 3122 abbati
1905 3063 2144 3122 Hiiensi
2212 3083 2367 3121 anno
2430 3063 2557 3121 634

321 3151 418 3224 (cf.
464 3150 644 3226 infra)
707 3150 946 3227 scripsit
1005 3149 1303 3229 „primum
1367 3149 1441 3209 de
1502 3147 1659 3232 cyclo
1716 3148 1814 3210 ilco
1869 3170 2041 3233 quem
2100 3148 2188 3211 St.
2247 3147 2559 3222 Pataicius,

314 3257 487 3319 papa
530 3246 744 3308 noster,
805 3236 934 3297 malit
977 3247 1029 3297 et
1057 3236 1257 3321 facit“
1304 3235 1564 3319 (Usseoffl
1606 3247 1860 3299 veteram
1904 3237 2282 3318 epistolarum
2325 3236 2557 3320 sylloye.

321 3323 516 3384 Paris,
569 3326 735 3384 1665
783 3348 840 3403 Ρ.
886 3329 1013 3403 21).
1104 3327 1258 3386 Nam
1306 3330 1531 3403 cyclum
1580 3328 1765 3400 illum,
1810 3326 1912 3397 „in
1954 3347 2067 3407 quo
2111 3324 2253 3387 luna
2296 3347 2336 3385 a
2386 3323 2569 3386 XIV

319 3433 496 3493 usque
539 3413 604 3473 in
652 3411 840 3473 XXI
872 3414 1214 3496 reqidam'ter
1259 3414 1630 3475 observaturss‘
1675 3415 1868 3491 (ibid.)
1916 3414 2165 3474 eundem
2211 3416 2406 3488 fuisse,
2456 3417 2560 3492 qui

320 3508 527 3579 postea
594 3503 996 3562 Romanorum
1073 3509 1230 3576 erat,
1309 3522 1619 3582 perperam
1696 3503 2022 3563 Schoellius
2098 3504 2376 3581 opinatus
2453 3510 2558 3563 est.

320 3591 537 3662 Immo,
603 3592 678 3662 si,
740 3592 803 3649 id
849 3593 1008 3669 quod
1054 3612 1170 3650 non
1226 3612 1377 3650 unus
1430 3593 1558 3670 ipse
1618 3598 1790 3670 put0,
1861 3593 2045 3651 verba
2097 3592 2201 3652 illa
2266 3594 2356 3653 ita
2421 3599 2560 3652 sunt

319 3679 784 3756 interpretanda,
831 3685 901 3738 ut
943 3682 1118 3739 lunae
1163 3680 1355 3741 XVI*
1401 3681 1951 3758 comprehendatur,
1996 3682 2172 3740 lunae
2215 3681 2413 3740 XXI·
2459 3702 2557 3741 ex-

320 3768 596 3827 cludatur
639 3767 1022 3827 hebdomadis
1067 3769 1280 3846 spatio‚
1327 3770 1428 3826 ille
1474 3789 1599 3829 mos
1631 3769 1882 3828 Patricii
1927 3775 1991 3828 et
2037 3790 2168 3828 cum
2213 3771 2559 3848 posterioris

320 3856 605 3932 temporis
637 3854 830 3915 Scotis
879 3861 940 3914 ct
986 3876 1116 3914 cum
1164 3877 1301 3916 suae
1349 3859 1566 3916 aetatis
1595 3857 1882 3916 Romanis
1929 3864 1990 3917 et
2020 3858 2374 3918 Britonibus
2421 3878 2555 3916 con·

320 3945 547 4019 gruisse
593 3944 910 4004 invenitur.
973 3944 1371 4017 Quamobrem
1418 3945 1703 4004 Cumeani
1749 3947 1821 4005 de
1865 3947 2129 4005 Patricio
2161 3949 2343 4007 verba
2389 3947 2558 4005 nobis

321 4034 453 4091 usui
500 4054 624 4092 esse
671 4052 787 4091 non
836 4040 1103 4109 possunt.
1615 4064 1620 4065 ff

499 4119 759 4180 Gravius
805 4128 896 4180 est
942 4120 1266 4180 Columbae
1297 4122 1692 4182 Luxoviensis
1738 4122 2157 4182 testimonium.
2233 4123 2560 4201 Reperitur

321 4208 477 4266 enim
522 4209 771 4268 Patricii
815 4230 1029 4268 nomen
1084 4209 1147 4267 in
1193 4210 1545 4269 Calendario
1594 4212 1847 4287 quodam
1902 4211 2264 4271 Luxoviensi
2319 4212 2382 4269 in
2435 4232 2555 4270 mo·

321 4297 581 4355 nasterio
640 4297 830 4356 medio
891 4299 1123 4357 saeculo
1193 4299 1445 4375 septimo
1514 4300 1850 4377 conscripto
1897 4301 2122 4378 (Piper.
2171 4295 2395 4370 Raris,
2456 4299 2559 4359 des

324 4378 598 4455 Grossem
645 4381 718 4442 K
715 4382 1083 4446 alendam-ium
1128 4385 1253 4445 und
1304 4382 1629 4470 Ostenafel.
1680 4388 1847 4446 1858
1894 4410 1953 4465 p.
1988 4390 2115 4465 64).
2205 4388 2378 4448 Unde
2425 4409 2557 4447 cum
