3134 5034
1163 314 1604 373 -63-

267 500 533 573 potestas
580 516 761 573 penes
808 495 1058 572 synodos
1104 496 1283 554 fuisse
1323 495 1600 554 videatur
1644 494 1746 570 (ib.
1781 495 1838 568 3,
1873 495 1974 569 85,
2004 516 2064 573 p.
2099 496 2270 572 228).
2332 496 2498 555 Haec

266 591 439 644 tanta
485 584 809 645 auctoritas
857 591 1019 643 certo
1067 585 1381 661 singularis
1441 591 1596 656 erat,
1657 604 1765 642 nec
1828 591 2026 643 tamen
2086 584 2353 644 miranda
2410 590 2500 643 est

266 675 356 747 iis,
406 675 509 751 qui
556 676 632 732 ab
678 674 781 732 illo
829 675 958 752 ipso
1006 674 1361 733 monasterio
1392 673 1631 731 Hiiensi
1677 693 1880 731 omnes
1925 674 2056 732 illas
2101 675 2387 752 regioneS,
2436 675 2496 731 in
2542 739 2555 752 .

268 764 482 841 quibus
513 765 912 841 principatum
939 765 1198 835 tenebat,
1231 784 1397 822 sacra
1423 762 1744 822 christiana
1768 763 2092 840 suscepisse
2124 764 2187 820 in
2218 764 2497 822 memoria

263 853 671 912 custodierint.

446 941 722 1001 Alterum
752 941 917 1015 illud,
967 943 1126 1019 quod
1154 943 1285 1021 ipsa
1316 941 1508 1000 insula
1532 941 1578 1000 J
1579 962 1693 999 0110
1722 941 1940 999 habere
1973 942 2201 999 solebat
2230 960 2500 1023 semper

268 1031 542 1089 abbatem
592 1033 1004 1110 presbyterum
1023 1077 1037 1104 ,
1100 1038 1159 1090 et
1223 1031 1416 1108 ipsum
1478 1031 1775 1107 singulare
1821 1030 2000 1089 fuisse
2048 1031 2318 1107 equidem
2363 1052 2495 1109 per-

270 1141 506 1179 suasum
552 1121 698 1179 mihi
745 1121 949 1194 habe0,
998 1122 1110 1179 etsi
1157 1141 1274 1179 non
1320 1140 1471 1197 nego
1520 1140 1612 1177 me
1659 1120 1903 1193 nescire,
1951 1141 2026 1178 an
2074 1120 2218 1178 alibi
2266 1140 2497 1197 quoque

267 1229 763 1290 nonnunquam
822 1211 1068 1269 abbates
1138 1210 1474 1288 presbyteri
1543 1210 1630 1267 ita
1699 1209 2064 1286 praefuerint
2125 1210 2498 1268 monasteriis

269 1299 662 1376 episcopalem
710 1320 910 1357 curam
974 1300 1033 1357 in
1098 1319 1204 1358 sua
1265 1299 1507 1376 regione
1570 1299 1939 1375 gerentibus,
2000 1304 2069 1356 ut
2130 1298 2244 1375 ipsi
2307 1319 2497 1375 neque

268 1388 588 1465 episcopali
648 1388 941 1466 dignitate
1003 1389 1272 1448 exornati
1333 1388 1555 1447 fuerint
1618 1408 1808 1465 neque
1879 1388 2198 1466 episcopali
2258 1408 2499 1446 munere

267 1477 456 1535 functi
502 1477 675 1537 81111.1
764 1479 1055 1537 Attamen
1103 1499 1253 1556 nego
1299 1478 1477 1537 fuisse
1539 1477 1658 1536 alia
1704 1477 1911 1536 similis
1958 1477 2332 1536 auctoritatis
2378 1498 2498 1535 mo·

257 1566 545 1641 masteria,
595 1566 809 1644 quibus
854 1585 1125 1649 semper
1183 1569 1430 1626 abbates
1491 1567 1825 1644 presbyteri
1872 1574 2228 1643 praeessent.
2320 1566 2498 1626 Certe

267 1655 437 1714 Beda
476 1656 612 1714 huic
655 1662 891 1714 nostrae
924 1657 1250 1716 sententiae
1280 1657 1446 1716 favit.
1508 1656 1662 1716 Nam
1695 1676 1824 1714 cum
1866 1656 2045 1715 moris
2074 1656 2230 1714 illius
2264 1676 2499 1714 causam

268 1745 480 1803 afferat
526 1746 859 1822 exemplum
906 1746 1084 1824 primi
1132 1745 1389 1805 doctoris
1435 1746 1594 1804 illius
1627 1744 2016 1822 (Columbae),
2065 1746 2166 1821 qui
2199 1766 2316 1804 non
2349 1746 2497 1822 epis-

268 1855 447 1912 copus
480 1835 581 1893 sed
613 1836 995 1912 presbyteras
1027 1836 1324 1895 exstiterit
1355 1841 1416 1894 et
1445 1834 1781 1905 monachus,
1815 1842 2067 1913 apparet
2099 1855 2228 1892 eum
2261 1840 2499 1912 putasse

268 1925 516 1982 eundem
562 1944 782 2012 morem
828 1945 946 1982 11011
991 1925 1247 1983 inveniri
1278 1925 1340 1982 in
1388 1924 1460 1983 iis
1490 1924 1818 1982 Hiberniae
1850 1924 2204 2000 regionibus,
2239 1944 2390 2000 quae
2423 1923 2497 1981 ab

269 2014 604 2073 Hiiensium
628 2013 887 2072 dominio
912 2014 1135 2073 liberae
1168 2019 1355 2072 erant.
1411 2013 1584 2087 Quod
1615 2013 1665 2072 si
1688 2013 1774 2071 ita
1805 2019 1909 2085 est,
1941 2013 2117 2071 aliam
2149 2019 2328 2088 atque
2353 2032 2498 2083 eam,

271 2123 448 2179 quam
492 2102 659 2161 Beda
688 2104 934 2180 profert,
984 2104 1161 2162 moris
1192 2103 1351 2161 illius
1383 2123 1619 2161 001180111
1653 2122 1933 2179 quaerere
1974 2102 2212 2160 minime
2245 2107 2499 2179 oportet.

449 2190 690 2250 Summa
721 2193 907 2269 igitur
937 2199 1175 2252 nostrae
1207 2193 1279 2250 de
1311 2192 1581 2251 Hiiensis
1607 2192 1949 2250 monasterii
1983 2192 2338 2250 auctoritate
2371 2211 2498 2249 sen·

270 2281 493 2339 tentiae
524 2281 667 2339 haec
700 2288 813 2340 est:
847 2281 1228 2360 Principatus
1260 2282 1376 2354 ille,
1411 2301 1583 2358 quem
1615 2281 2034 2340 monasterium
2059 2277 2305 2339 Hiiense
2336 2287 2497 2339 tene-

269 2371 390 2441 bat,
416 2370 692 2447 primitus
716 2371 1048 2430 simillimus
1074 2379 1201 2430 erat
1226 2373 1297 2444 ei,
1324 2391 1496 2447 quem
1521 2371 1708 2429 multa
1731 2371 1792 2427 in
1817 2370 2114 2429 Hibernia
2146 2369 2500 2429 monasteria

276 2459 646 2529 obtinebant,
695 2459 798 2516 sed
828 2467 1034 2537 postea
1083 2482 1211 2519 cum
1259 2461 1400 2538 quia
1444 2467 1573 2519 tota
1603 2480 1748 2537 gens
1779 2458 2086 2518 Pictorum
2120 2460 2204 2537 [et
2232 2459 2500 2519 Nordan-

272 2547 678 2624 hymbrorum]
727 2549 801 2605 ab
848 2549 992 2626 ipsis
1022 2550 1370 2609 Hiiensibus
1403 2550 1465 2608 in
1498 2551 1842 2628 societatem
1876 2548 2152 2607 ecclesiae
2200 2553 2501 2626 assumpta

271 2642 378 2709 est,
417 2642 542 2695 tum
582 2636 721 2711 quia
748 2657 947 2697 omnes
972 2637 1293 2698 Columbae
1326 2659 1686 2699 successores
1724 2637 2031 2716 deprecari
2055 2638 2324 2697 solebant
2347 2638 2499 2716 epis-

271 2726 534 2804 copalem
581 2725 951 2802 dignitatem,
1002 2750 1118 2806 qua
1151 2729 1456 2802 Columba,
1506 2730 1726 2807 quippe
1758 2728 1853 2786 cui
1884 2727 2057 2786 initio
2103 2747 2173 2785 ea
2206 2748 2352 2805 opus
2383 2747 2501 2785 non

272 2819 440 2886 esset,
475 2820 763 2888 caruerat,
794 2817 935 2876 talis
960 2824 1049 2876 est
1071 2819 1280 2891 factus,
1306 2824 1376 2875 ut
1397 2824 1632 2876 tantum
1665 2817 1755 2875 sui
1777 2816 1983 2875 similis
2007 2816 2187 2874 fuisse
2210 2816 2500 2875 videatur.

452 2902 612 2962 Satis
667 2902 811 2962 haec
872 2905 1032 2964 dicta
1079 2913 1301 2980 0880111,
1363 2906 1479 2964 nisi
1525 2906 1754 2980 reliqua
1803 2913 1956 2964 esset
2003 2925 2119 2962 una
2165 2906 2237 2963 de
2282 2906 2392 2963 hac
2437 2925 2501 2961 re

276 2993 560 3069 quaestio,
650 2992 804 3051 Nam
853 3014 983 3052 cum
1031 3015 1221 3071 neque
1270 2994 1429 3074 apud
1476 2993 1684 3053 Scotos
1731 2994 2109 3072 privilegium
2155 3015 2274 3053 non
2320 2994 2503 3052 fuerit

275 3082 680 3159 episcoporum
738 3104 1076 3143 consecrare
1124 3086 1501 3161 presbyteros
1548 3091 1727 3160 atque
1775 3084 2098 3162 episcopos,
2145 3104 2322 3162 porro
2370 3104 2501 3141 cum

277 3175 505 3229 constet
565 3178 723 3229 certe
784 3193 1225 3249 nonnumquam
1289 3194 1388 3233 eos
1453 3174 1787 3251 episcopOS,
1852 3173 1954 3249 qui
2015 3173 2222 3232 abbati
2266 3172 2500 3231 Hiiensi

274 3259 527 3335 subjecti
575 3266 761 3335 erant,
809 3269 1180 3322 consecratos
1227 3285 1349 3322 esse
1396 3263 1458 3320 in
1504 3263 1634 3339 ipsa
1680 3263 1873 3321 insula
1901 3262 2061 3321 Jona
2110 3262 2302 3337 (Beda
2347 3262 2403 3323 h.
2451 3282 2501 3322 e.

276 3349 330 3419 3,
383 3349 436 3421 3,
484 3350 697 3426 5164,
748 3352 817 3409 cf.
868 3353 924 3424 3,
982 3354 1078 3425 17,
1125 3354 1160 3430 ξ
1199 3354 1364 3429 196),
1413 3352 1648 3411 exsistit
1697 3351 1982 3428 quaesti0,
2030 3371 2065 3408 a
2112 3371 2366 3426 quonam
2415 3351 2502 3407 illi

272 3437 390 3496 sint
453 3440 794 3500 consecrati.
887 3442 1052 3515 Quae
1117 3442 1418 3519 (111008110,
1492 3461 1622 3499 011111
1686 3442 1811 3518 ipse
1875 3440 2059 3498 abbas
2120 3440 2501 3517 presbyteras

270 3526 429 3584 haud
476 3526 653 3584 dubie
701 3530 1004 3607 episcopos
1034 3551 1154 3589 11011
1186 3530 1618 3590 consecraverit
1649 3530 1916 3606 neglecto
1958 3529 2178 3586 honore
2226 3529 2501 3606 episcopo

272 3615 475 3673 debito
509 3616 604 3690 (cf.
636 3636 815 3693 supra
845 3640 902 3696 p.
939 3619 1063 3696 58),
1111 3620 1267 3679 redit
1296 3620 1372 3677 ad
1403 3620 1584 3691 illam,
1632 3638 1772 3676 num
1803 3618 1865 3675 in
1915 3618 2160 3677 ecclesia
2193 3616 2502 3676 Scotorum

270 3703 495 3762 fuerint
541 3703 801 3782 episcopi
832 3709 1006 3767 certis
1039 3710 1391 3785 quibusdam
1423 3709 1661 3767 sedibus
1692 3728 1810 3766 non
1856 3707 2119 3785 ascripti,
2161 3708 2263 3766 sed
2294 3708 2502 3766 nihilo-

270 3792 464 3851 minus
512 3792 832 3870 episcopali
879 3795 1170 3874 dignitate
1219 3798 1502 3857 exornati.
1594 3797 1861 3856 Dubium
1908 3797 2063 3854 enim
2110 3803 2222 3870 est,
2284 3804 2502 3870 utrum,

273 3883 320 3940 si
385 3902 535 3959 quae
597 3882 658 3940 in
720 3885 1075 3943 monasterio
1123 3887 1358 3946 Hiiensi
1420 3886 1888 3945 administranda
1948 3891 2117 3944 erant
2177 3886 2504 3944 ministeria

272 3972 658 4051 episcopalia,
721 3973 895 4031 acciti
956 3975 1101 4047 sint,
1165 3977 1322 4052 quod
1387 3975 1641 4034 Skenius
1700 3980 1878 4054 putat
1923 3975 2043 4051 (II,
2091 3996 2148 4052 p.
2203 3974 2324 4032 163
2373 3978 2502 4051 sq.),

275 4061 583 4139 episcopus
630 4059 1129 4139 Cingaradhensis
1176 4067 1268 4123 vel
1315 4066 1387 4123 de
1433 4066 1729 4123 Hibernia
1790 4065 2057 4141 quidam,
2120 4083 2194 4121 an
2255 4064 2318 4121 in
2374 4064 2504 4141 ipsa

273 4149 466 4208 insula
510 4150 670 4210 Jona
730 4153 889 4211 inter
947 4152 1264 4212 monachos
1323 4154 1504 4213 fuerit
1566 4175 1717 4212 unus
1779 4155 1874 4213 vel
1933 4154 2135 4231 plures
2181 4152 2504 4230 episcopali

273 4238 567 4316 dignitate
614 4243 826 4304 ornati.

419 4434 440 4465 ¹
477 4432 566 4487 De
603 4433 710 4486 hac
747 4450 809 4486 re
849 4434 961 4488 vid.
1002 4434 1150 4488 infra
1185 4451 1241 4503 p.
1281 4435 1368 4488 64.
