3134 5034
1318 299 1706 353 -7-

386 473 744 533 Ouldeorum
790 474 1077 550 explicari
1121 493 1239 532 non
1287 478 1488 551 potest
1505 518 1519 546 ,
1567 473 1684 533 nisi
1729 493 1919 552 pauca
1965 479 2142 532 antea
2187 473 2514 534 dixerimus
2557 475 2632 534 de

386 563 746 622 Ouldeorum
791 562 1044 621 historia
1091 570 1151 620 et
1196 570 1427 623 natura.
1503 563 1729 634 Ouldei,
1779 583 2027 640 quorum
2075 582 2264 640 neque
2312 564 2468 640 apud
2514 563 2630 622 Be-

384 652 524 711 dam
569 671 760 729 neque
806 651 868 711 in
917 651 1259 710 Adamnani
1304 652 1432 711 vita
1478 651 1804 711 Columbae
1859 652 1958 728 (de
2005 672 2122 728 qua
2169 653 2290 711 vid.
2336 654 2518 730 infra)
2562 653 2633 712 fit

384 741 640 813 mentio,
702 740 958 817 primum
1004 741 1068 798 in
1114 741 1408 799 Hibernia
1470 740 1850 818 reperiuntur
1909 742 2140 800 saeculo
2200 742 2450 801 fortasse
2505 745 2630 817 jam

385 830 636 907 septimo
698 827 920 903 (Skene
967 828 1053 900 ΙΙ,
1116 850 1173 906 p.
1225 830 1385 901 2513
1432 829 1535 911 «H.
1584 829 1701 888 and
1748 827 1837 890 St.
1883 829 1976 903 H,
2030 832 2084 903 l,
2144 851 2202 907 p.
2257 831 2406 905 118)
2470 838 2631 890 certo

386 925 597 978 octavo
630 918 736 993 (H.
767 918 884 976 and
916 917 1005 976 St.
1037 917 1122 992 H,
1164 920 1215 990 l,
1256 937 1313 996 p.
1354 917 1504 994 175)
1551 918 1617 976 in
1648 916 1851 977 Scotia
1897 939 2017 977 non
2064 926 2201 978 ante
2250 939 2467 977 annum
2500 920 2627 977 842

386 1007 492 1083 (H.
524 1007 641 1065 and
673 1005 878 1079 81:411,
919 1009 971 1080 1,
1014 1029 1073 1085 p.
1113 1008 1236 1064 118
1270 1013 1330 1065 et
1359 1029 1415 1085 p.
1455 1008 1627 1084 147),
1675 1028 1866 1084 neque
1911 1014 2112 1086 potest
2157 1008 2438 1081 dubitari,
2486 1009 2630 1084 quin

385 1104 530 1155 tunc
576 1095 685 1153 hac
730 1095 972 1155 notione
1019 1096 1339 1172 significati
1386 1095 1508 1155 sint
1553 1097 1825 1155 monachi
1872 1097 2188 1156 strictioris
2219 1098 2630 1156 observantiae

388 1185 493 1260 (H.
527 1184 644 1242 and
677 1183 763 1243 St.
810 1183 895 1256 II,
951 1186 1004 1256 l,
1052 1207 1108 1262 p.
1150 1184 1293 1257 175,
1340 1184 1537 1243 Skene
1584 1184 1670 1258 II,
1717 1207 1775 1263 p.
1812 1185 1965 1261 252)
2013 1186 2284 1263 inprimis
2331 1186 2630 1246 eremitae.

387 1274 507 1348 Qui
552 1294 685 1331 cum
730 1293 1171 1349 nonnumquam
1235 1273 1394 1350 apud
1441 1280 1673 1333 veteres
1734 1275 2021 1351 appellati
2084 1275 2205 1332 sint
2273 1275 2628 1349 „deicolae“‚

385 1366 551 1439 cujus
596 1362 684 1419 rei
728 1363 1072 1421 testimonia
1117 1362 1381 1421 invenies
1427 1362 1586 1440 apud
1635 1361 1921 1421 Skenium
1953 1363 2040 1435 II,
2089 1385 2145 1441 p.
2182 1364 2327 1436 238,
2376 1362 2631 1423 Skenius

385 1453 630 1511 verbum
683 1450 1041 1526 „Geile·De“
1095 1450 1253 1508 idem
1301 1471 1428 1510 esse
1475 1458 1679 1528 putat,
1740 1452 1901 1528 quod
1946 1453 2238 1526 deicolae,
2309 1452 2629 1530 eademque

378 1541 457 1600 de
505 1560 682 1599 causa
726 1540 1003 1599 eremitas
1050 1540 1111 1597 in
1158 1539 1457 1599 Hibernia
1511 1539 1871 1614 „Oeile·De“
1944 1541 2068 1600 sive
2115 1541 2367 1600 Culdeos
2428 1542 2627 1620 appel·

380 1630 532 1689 latos
582 1649 709 1688 esse
754 1629 1039 1707 opinatur
1085 1629 1196 1704 (II,
1244 1650 1302 1706 p.
1352 1629 1527 1707 251).
1619 1629 1898 1689 Profecto
1955 1629 2210 1689 Skenius
2268 1629 2439 1689 nobis
2499 1650 2629 1708 per-

381 1718 674 1790 suaderet,
720 1718 839 1777 nisi
867 1719 1013 1777 haec
1044 1718 1342 1776 sententia
1388 1722 1515 1794 ejus
1561 1719 1890 1778 arctissime
1936 1725 2091 1778 esset
2136 1722 2452 1794 conjuncta
2498 1740 2629 1777 cum

382 1807 586 1879 altera,
636 1826 812 1883 quam
859 1808 1070 1866 falsam
1116 1827 1242 1866 esse
1290 1807 1562 1884 equidem
1609 1828 1954 1886 persuasum
2000 1808 2147 1866 mihi
2191 1809 2397 1867 habeo.
2487 1808 2628 1866 Per·

381 1916 588 1973 peram
636 1895 815 1953 enim·
840 1895 1028 1972 ipsam
1076 1895 1454 1954 eremitarum
1486 1896 1730 1956 vivendi
1776 1896 2068 1955 rationem
2116 1898 2348 1955 saeculo
2395 1897 2629 1956 demum

338 2002 341 2011 ’
379 1983 635 2062 septimo
695 1983 758 2042 in
803 1983 1098 2043 Hibernia
1160 1984 1566 2061 percrebuisse
1628 1985 1800 2043 docet
1847 1986 1943 2060 (cf.
1989 1985 2190 2061 infra).
2285 1986 2451 2059 Quae
2498 2005 2630 2044 cum

384 2074 471 2133 ita
517 2073 669 2146 sint,
719 2093 871 2151 quae
918 2073 998 2132 sit
1042 2072 1298 2131 nominis
1345 2072 1704 2131 Ouldeorum
1751 2073 1915 2151 origo
1965 2080 2025 2133 et
2069 2074 2418 2151 principalis
2464 2075 2630 2133 verbi

379 2162 738 2239 significatio
758 2206 772 2235 ,
842 2158 904 2220 in
950 2162 1144 2220 medio
1190 2161 1643 2238 relinquendum
1692 2168 1812 2234 est,
1882 2162 2069 2221 donec
2131 2164 2413 2222 tenebrae
2473 2163 2627 2237 illae,

381 2250 598 2329 quibus
642 2250 782 2309 inde
829 2252 906 2310 ab
954 2270 1108 2309 anno
1159 2252 1365 2308 700m0
1411 2270 1598 2326 usque
1644 2250 1720 2309 ad
1766 2270 1985 2311 annum
2030 2252 2156 2310 fere
2193 2253 2490 2310 1000mum
2537 2273 2626 2311 ec-

379 2339 710 2399 clesiastica
770 2337 1083 2399 Scotorum
1143 2339 1393 2399 historia
1454 2341 1808 2399 obscuratur
1824 2383 1838 2412 ,
1903 2340 2334 2400 removeantur.
2439 2341 2628 2402 Nobis

378 2429 490 2487 hoc
550 2428 870 2488 dolendum
936 2448 1055 2486 non
1119 2435 1238 2501 est,
1312 2448 1447 2487 nam
1511 2429 1585 2486 de
1652 2428 1891 2487 Culdeis
1961 2429 2200 2488 omnino
2259 2431 2441 2489 verba
2509 2450 2627 2488 non

381 2518 666 2591 fecissem,
713 2517 831 2577 nisi
875 2538 1187 2596 perperam
1221 2517 1533 2577 Ebrardus
1578 2518 1691 2576 hoc
1737 2517 1973 2576 nomine
2020 2519 2381 2596 appellasset
2426 2539 2628 2577 omnes

378 2607 601 2686 prioris
649 2626 883 2685 quoque
929 2606 1216 2684 temporis
1262 2605 1503 2680 Scotos,
1564 2606 1870 2684 patribus,
1932 2611 2000 2665 ut
2039 2607 2132 2666 ita
2176 2607 2399 2681 dicam,
2470 2607 2625 2666 dele-

379 2716 528 2773 gans
543 2739 558 2768 ‚
630 2697 788 2774 quod
835 2696 909 2755 de
955 2697 1096 2755 solis
1140 2694 1281 2755 filiis
1327 2701 1580 2755 constat.
1672 2697 1840 2770 Quae
1885 2696 2321 2774 perquirendae
2368 2696 2627 2774 antiqui-

379 2785 524 2843 tatis
582 2784 738 2844 ratio
800 2804 976 2861 quam
1037 2785 1266 2844 lubrica
1327 2792 1390 2845 et
1448 2785 1632 2844 dubia
1688 2785 1925 2844 omnino
1982 2785 2094 2855 sit,
2164 2786 2276 2844 hoc
2318 2786 2447 2863 ipso
2496 2786 2625 2845 loco

382 2879 594 2951 sponte
655 2879 922 2951 apparet.
1014 2874 1168 2934 Nam
1216 2873 1501 2947 Guldeos,
1576 2892 1723 2950 quos
1783 2873 2017 2932 saeculo
2080 2881 2292 2933 octavo
2354 2874 2629 2932 eremitas

382 2961 563 3020 fuisse
607 2960 955 3035 invenimus,
1005 2963 1240 3021 eosdem
1285 2962 1480 3022 tribus
1525 2963 1621 3022 vel
1669 2967 1927 3039 quatuor
1973 2963 2223 3021 saeculis
2268 2969 2407 3041 post
2453 2982 2625 3021 cano·

382 3051 544 3109 nicos
605 3049 787 3108 fuisse
852 3050 1102 3110 historia
1160 3052 1353 3111 docet.
1444 3050 1619 3124 Quod
1680 3051 1837 3109 unde
1898 3053 2120 3110 factum
2174 3051 2255 3111 sit
2271 3096 2285 3125 ,
2354 3050 2628 3125 Skenius,

381 3160 514 3199 cum
560 3145 724 3199 certa
769 3140 843 3198 de
886 3140 1252 3218 temporibus
1297 3140 1804 3199 intercedentibus
1865 3140 2206 3200 testimonia
2266 3141 2494 3213 desint,
2557 3162 2629 3199 ex

377 3228 599 3289 fabulis
644 3230 951 3288 enucleare
998 3236 1244 3289 conatus
1300 3236 1391 3289 est
1437 3228 1549 3305 (Π,
1597 3250 1655 3306 p.
1705 3229 1852 3287 254.
1903 3230 2075 3306 276),
2146 3230 2417 3306 equidem
2472 3232 2627 3290 malo

377 3318 555 3378 fateri
599 3318 824 3378 nescire
870 3339 995 3392 nos,
1045 3319 1202 3397 quod
1243 3318 1590 3378 nesciamus.
1681 3317 1989 3378 Nescimus
2033 3318 2236 3395 igitur,
2285 3319 2521 3395 quando
2568 3326 2630 3379 et

380 3408 596 3486 quibus
655 3409 830 3467 rebus
893 3408 1171 3468 commoti
1218 3407 1429 3467 Culdei
1477 3406 1876 3466 canonicalem
1923 3407 2182 3484 amplexi
2242 3408 2363 3466 sint
2426 3408 2628 3481 vitam,

378 3496 667 3556 nescimus
716 3517 951 3574 quoque
969 3541 984 3571 ,
1058 3497 1295 3575 quando
1343 3502 1406 3556 et
1453 3495 1670 3573 quibus
1717 3495 1791 3553 de
1839 3496 2028 3554 causis
2090 3495 2406 3574 disciplina
2466 3497 2627 3575 apud

380 3606 478 3645 eos
526 3586 785 3663 collapsa
844 3587 939 3647 sit.
1031 3586 1313 3646 Forsitan
1376 3584 1580 3658 bellis,
1652 3604 1805 3662 quae
1850 3583 2045 3644 Scotis
2092 3605 2224 3643 cum
2268 3585 2628 3646 Normannis

378 3674 640 3750 gerenda
685 3680 872 3745 erant,
919 3676 1146 3735 factum
1191 3676 1287 3749 sit,
1332 3681 1403 3734 ut
1435 3674 1750 3734 Scotorum
1797 3674 2041 3733 ecclesia
2087 3674 2457 3752 temporibus
2501 3673 2628 3734 Soti

376 3762 676 3821 Bernardi
706 3761 1165 3824 Claravallensis
1197 3764 1470 3823 nonnihil
1500 3764 1620 3822 alia
1649 3762 1928 3823 videatur
1973 3783 2114 3835 esse,
2162 3769 2342 3840 atque
2387 3763 2629 3822 ineunte

377 3872 524 3911 aevo
585 3851 798 3910 medio.
911 3852 1065 3913 Nam
1126 3873 1242 3912 non
1291 3852 1404 3913 soli
1463 3852 1676 3912 Culdei
1736 3858 2012 3911 naturam
2076 3858 2460 3912 mutaverunt
2526 3853 2629 3912 sed

378 3942 580 4014 etiam,
624 3948 695 4001 ut
739 3940 897 3999 infra
943 3942 1179 4020 saepius
1225 3942 1572 4015 videbimus,
1620 3961 1814 4000 mores
1860 3946 1920 3998 et
1965 3939 2118 4001 ritus
2164 3940 2267 3999 alii
2312 3948 2629 4001 occurrunt

379 4031 613 4090 saeculo
659 4029 1031 4103 duodecimo,
1079 4030 1183 4089 alii
1227 4030 1526 4108 prioribus
1573 4030 1958 4107 temporibus.

559 4119 728 4193 Quae
788 4139 920 4178 cum
980 4120 1069 4179 ita
1128 4118 1248 4178 sint
1264 4162 1279 4191 ,
1349 4120 1480 4178 luce
1528 4118 1745 4178 clarius
1806 4125 1898 4178 est
1959 4119 2380 4195 quaerentibus
2440 4119 2627 4193 nobis,

381 4207 585 4284 quales
629 4207 853 4268 fuerint
898 4209 1181 4285 antiquae
1225 4207 1545 4267 Britonum
1594 4207 2024 4284 Scotorumque
2082 4208 2360 4267 ecclesiae
2418 4227 2628 4280 mores,

260 4331 267 4337 ·
381 4316 532 4373 quae
579 4296 734 4356 ratio
781 4297 1060 4357 credendi
1106 4303 1168 4356 et
1211 4297 1453 4357 vivendi
1471 4341 1486 4370 ‚
1555 4296 1778 4356 saeculi
1838 4295 2135 4355 undecimi
2191 4303 2252 4356 et
2297 4295 2630 4355 duodecimi

380 4405 578 4444 rerum
624 4386 915 4446 rationem
963 4386 1217 4465 amplius
1260 4385 1595 4446 habendam
1638 4406 1758 4445 non
1806 4406 1962 4457 esse3
2031 4386 2210 4445 immo
2267 4385 2407 4446 solis
2453 4384 2629 4446 certis
