3134 5034
1404 266 1841 330 -98-

682 447 877 520 Haec,
935 448 1000 507 in
1061 467 1240 524 quam
1300 445 1545 506 adducti
1591 467 1817 517 sumus,
1879 446 1954 504 de
2000 444 2290 505 Columba
2347 451 2408 504 et
2453 443 2528 502 de
2573 442 2769 503 sociis.

505 539 634 613 ejus
680 537 999 610 sententia,
1046 537 1232 614 ipsius
1280 534 1606 594 Columbae
1653 536 1852 594 verbis
1897 535 2129 607 nititur,
2174 536 2368 612 ipsum
2415 532 2750 592 audivimus

505 627 849 703 loquentem
899 632 972 686 ,et
1026 625 1100 683 de
1155 625 1255 698 iis,
1316 624 1532 700 quibus
1578 623 1970 683 dissentiebat
2017 643 2052 681 a
2097 622 2388 681 Romanis
2433 627 2494 680 et
2538 622 2612 680 de
2656 621 2751 693 iis,

506 714 724 791 quibus
770 713 1193 776 consentiebat.
1268 713 1343 771 In
1390 713 1483 771 his
1513 733 1645 771 cum
1677 713 1761 770 nil
1792 711 2029 770 obscuri
2058 711 2330 769 relictum
2363 716 2532 784 esset,
2578 709 2752 769 nobis

507 823 625 863 non
681 821 830 880 opus
884 809 1037 862 esset
1083 801 1470 880 perscrutari,
1530 822 1671 859 num
1715 801 1919 878 plures
1964 799 2349 859 dissensionis
2397 818 2607 858 causae
2654 818 2750 856 oc·

510 896 838 962 currerent,
884 891 935 949 si
974 891 1262 969 neglectis
1291 890 1481 967 ipsius
1513 889 1840 949 Columbae
1871 889 2070 948 verbis
2101 910 2174 947 ex
2204 888 2294 962 iis,
2341 907 2494 964 quae
2525 887 2600 945 de
2629 887 2754 946 vita

508 983 638 1056 ejus
692 986 754 1039 et
808 979 1101 1038 sociorum
1148 979 1464 1038 memoriae
1511 978 1752 1055 prodita
1799 984 1966 1049 sunt,
2029 997 2380 1040 conaremur
2427 976 2752 1048 enucleare,

509 1088 663 1147 quae
701 1067 954 1127 fuissent
982 1066 1294 1127 Scotorum
1326 1067 1590 1146 propria,
1636 1066 1749 1125 nisi
1780 1066 2092 1126 Ebrardus
2123 1066 2467 1126 circuitione
2499 1065 2758 1141 quadam

512 1178 583 1217 ex
629 1157 747 1216 illis
793 1156 941 1233 ipsis
985 1157 1130 1216 vitis
1175 1175 1363 1235 paene
1410 1156 1611 1216 omnia
1657 1176 1764 1214 sua
1810 1155 2078 1214 duxisset
2123 1160 2492 1233 argumenta.

487 1246 491 1249 ⁴
686 1247 744 1307 N
747 1265 823 1326 on
868 1265 1011 1305 vero
1055 1264 1250 1303 meum
1294 1244 1506 1321 putavi
1550 1244 1859 1304 verbosius
1904 1244 2310 1303 demonstrare
2352 1243 2570 1303 falsum
2614 1261 2759 1314 esse,

511 1335 671 1412 quod
714 1333 1025 1393 Ebrardus
1078 1333 1194 1394 sibi
1247 1332 1423 1393 finxit
1469 1335 1550 1410 (p.
1604 1334 1633 1390 1
1650 1334 1814 1390 18-
1830 1333 2007 1409 132):
2063 1332 2273 1392 Scotos
2317 1332 2382 1390 in
2429 1330 2760 1391 continenti

510 1423 962 1504 peregrinantes
1017 1442 1209 1499 neque
1264 1422 1486 1482 sanctis
1539 1442 1733 1499 neque
1787 1441 1989 1480 eorum
2044 1420 2314 1498 reliquiis
2368 1420 2593 1479 cultum
2649 1419 2759 1478 tri·

511 1511 726 1572 buisse.
800 1513 982 1584 Nam,
1031 1511 1135 1588 qui
1179 1530 1299 1570 non
1345 1511 1632 1570 concedat
1677 1509 2028 1568 Columbam
2076 1516 2138 1568 et
2181 1509 2388 1582 socios,
2435 1527 2585 1586 quos
2630 1528 2761 1567 arc·

512 1600 761 1662 tissimis
793 1599 1191 1659 consensionis
1221 1599 1476 1658 vinculis
1508 1620 1638 1657 cum
1672 1599 1809 1657 sede
1840 1599 2170 1677 apostolica
2201 1601 2548 1674 conjunctos
2578 1597 2763 1657 fuisse

512 1688 794 1761 vidimus,
855 1689 1018 1747 nullo
1074 1695 1251 1766 pacto
1306 1689 1570 1765 potuisse
1625 1688 1945 1747 dissentire
2000 1687 2073 1746 de
2116 1687 2224 1745 illa
2268 1706 2358 1760 re,
2383 1708 2391 1716 ·
2418 1706 2572 1762 quae
2619 1692 2764 1744 tunc

512 1797 702 1858 paene
749 1798 976 1836 summa
1023 1782 1156 1836 erat
1199 1777 1505 1854 religionis
1552 1776 1936 1850 christianae,
1990 1795 2123 1834 eum
2171 1775 2350 1834 etiam
2395 1774 2766 1852 gravissimis

514 1867 881 1943 argumentis
926 1865 1154 1925 revinci
1198 1886 1371 1944 posse
1410 1869 1536 1942 jam
1584 1866 1916 1942 desperavi.
1988 1864 2182 1923 Immo
2228 1863 2433 1922 credat
2468 1862 2765 1935 Ebrard0,

514 1955 853 2033 ubicunque
911 1955 1136 2016 mentio
1189 1955 1299 2014 fiat
1344 1960 1685 2013 sanctorum
1732 1960 1793 2013 et
1838 1952 2226 2030 reliquiarum
2274 1951 2454 2011 etiam
2500 1951 2565 2010 in
2610 1951 2767 2011 anti·

518 2045 815 2123 quissimis
885 2044 1027 2105 vitis
1087 2065 1314 2117 eorum,
1377 2044 1594 2120 quibus
1657 2062 1787 2102 cum
1850 2041 2141 2101 Columba
2203 2048 2333 2101 erat
2391 2040 2767 2101 necessitudo

517 2136 592 2209 (e.
638 2154 695 2210 g.
740 2134 950 2206 Jonas,
997 2133 1105 2193 vit.
1146 2132 1272 2193 001.
1322 2133 1407 2190 44
1454 2133 1613 2194 Mab.
1646 2131 1734 2204 II,
1780 2152 1918 2189 ann.
1955 2130 2101 2203 615,
2147 2151 2206 2209 p.
2241 2130 2356 2203 22;
2402 2129 2612 2202 Jonas,
2659 2129 2768 2188 vit.

516 2221 712 2286 Attal.
773 2222 810 2278 5
867 2222 947 2280 ib.
1005 2242 1140 2280 ann.
1199 2222 1346 2294 627,
1408 2242 1469 2298 p.
1526 2221 1678 2291 125;
1738 2220 1956 2292 Jonas,
2016 2218 2122 2277 vit.
2168 2218 2543 2295 Burgundof.
2594 2219 2629 2276 6
2685 2218 2767 2276 ib.

517 2329 653 2374 ann.
689 2310 835 2382 665,
867 2330 926 2386 p.
968 2310 1109 2382 142,
1154 2309 1225 2368 cf.
1258 2307 1578 2368 interventu
1587 2307 1757 2391 filiae
1787 2308 1866 2366 ib.
1908 2308 2005 2381 10,
2038 2328 2098 2384 p.
2131 2307 2291 2381 4433
2340 2307 2444 2366 vit.
2477 2306 2770 2366 Wandre·

517 2397 626 2477 gis.
671 2398 853 2476 prior.
908 2398 1004 2470 13,
1051 2398 1131 2455 ib.
1178 2399 1324 2470 667,
1372 2418 1429 2475 p.
1466 2398 1594 2457 530
1615 2397 1657 2470 ¹,
1704 2397 1962 2475 denique
2011 2396 2263 2474 [omissis
2311 2396 2419 2456 vit.
2465 2395 2774 2455 Romarici

522 2488 559 2545 3
608 2487 689 2545 ib.
744 2507 878 2545 ann.
931 2487 1085 2559 653,
1148 2508 1206 2565 p.
1256 2487 1412 2558 4173
1469 2487 1578 2546 vit.
1624 2485 1914 2565 Adelphii
1974 2488 2008 2543 7
2064 2485 2145 2544 ib.
2196 2486 2350 2558 6033
2408 2485 2512 2544 vit.
2557 2483 2775 2544 Amati

523 2576 604 2632 29
640 2575 719 2635 ib.
753 2596 889 2633 ann.
925 2575 1071 2648 627,
1119 2597 1177 2653 p.
1218 2576 1359 2646 135,
1409 2576 1633 2654 quippe
1682 2595 1833 2652 quae
1873 2573 2142 2650 ,iuniores
2180 2573 2324 2652 sint]
2358 2594 2431 2632 ex
2460 2574 2568 2633 vit.
2601 2572 2772 2648 Sala-

520 2664 755 2739 bergae‚
804 2669 866 2721 et
910 2663 1043 2741 ipsa
1092 2670 1291 2723 aetate
1337 2664 1669 2742 posteriore
1718 2663 1813 2741 [cf.
1845 2662 2172 2739 Biidinger,
2220 2661 2774 2739 Sitzungsberichte

520 2751 628 2810 der
681 2751 927 2811 Wiener
987 2752 1315 2813 Academie
1372 2751 1615 2814 XXIII
1626 2796 1641 2827 ,
1702 2751 2013 2829 hist-phil.
2070 2751 2177 2811 Kl.
2238 2751 2616 2829 372-383]
2666 2750 2776 2810 sed

522 2931 655 2981 sunt
702 2903 1006 3008 (translata
1052 2944 1084 2979 a
1123 2924 1225 2980 Dr.
1266 2925 1430 2978 Todd
1478 2925 1633 2993 apud
1667 2924 1972 2989 Serivener,
2012 2924 2065 2977 A
2091 2922 2253 2992 plain
2296 2922 2670 3004 introduction
2721 2925 2778 2977 to

523 2998 607 3051 the
634 2997 914 3051 Orzticism
939 3002 1047 3050 ete.
1088 3013 1195 3049 sec.
1222 2995 1309 3049 ed.
1340 2996 1493 3050 1874.
1535 3014 1591 3063 p.
1634 2995 1761 3064 157)
1802 2997 1910 3049 hoc
1947 2995 2144 3048 modo:

742 3094 816 3148 To
850 3110 917 3163 90
956 3095 1008 3147 to
1046 3092 1233 3157 Rome,
1275 3096 1328 3147 to
1360 3110 1428 3163 ρο
1465 3096 1517 3146 to
1554 3093 1743 3158 Rome,

743 3163 913 3218 ΜιιοΙι
949 3163 1020 3230 of
1050 3162 1266 3228 trouble,
1305 3163 1442 3216 little
1478 3164 1547 3231 of
1564 3164 1750 3231 profit,

745 3234 853 3288 The
890 3234 1019 3303 kiny
1057 3234 1184 3287 thou
1221 3233 1420 3287 seekest
1453 3234 1591 3298 here,

637 3350 649 3364 .
691 3349 698 3360 .
741 3304 813 3373 If
843 3305 972 3359 thou
1006 3304 1166 3375 briny
1190 3304 1331 3359 Him
1365 3306 1461 3359 ‘not
1493 3304 1626 3357 with
1663 3304 1794 3369 thee,
1835 3305 1964 3360 thou
1997 3305 2195 3373 findest
2228 3308 2341 3361 not.

743 3411 920 3466 Great
946 3410 1100 3481 folly,
1137 3414 1296 3480 yreat
1326 3411 1594 3475 madness,

744 3482 918 3537 Great
951 3482 1086 3536 rain
1121 3481 1188 3550 of
1216 3499 1381 3546 sense,
1416 3485 1574 3551 yreat
1608 3481 1872 3550 insanity,

743 3553 902 3607 Since
940 3553 1069 3607 thou
1106 3554 1232 3607 hast
1268 3556 1349 3606 set
1381 3555 1479 3606 out
1509 3552 1606 3618 for
1644 3552 1728 3608 the
1765 3552 1891 3606 sake
1927 3552 1996 3621 of
2019 3552 2183 3623 ,qoinq
2220 3557 2273 3608 to
2310 3554 2486 3618 death,

749 3623 892 3677 That
927 3624 1056 3677 thou
1097 3624 1366 3677 shouldest
1400 3623 1457 3675 be
1492 3623 1555 3676 in
1593 3622 1948 3676 disobedience
1985 3626 2037 3677 to
2075 3624 2161 3678 the
2196 3623 2310 3679 Son
2345 3624 2415 3693 of
2444 3623 2632 3695 Mary.

532 3712 848 3790 Compositi
874 3725 1004 3774 sunt
1028 3721 1088 3773 hi
1115 3738 1325 3783 verme,
1368 3724 1431 3773 ut
1453 3724 1677 3788 putant,
1718 3719 1779 3773 in
1803 3722 2141 3776 monasterio
2169 3720 2543 3791 Sangallensi,
2582 3720 2787 3791 itaque

531 3792 605 3846 ad
658 3790 1110 3862 cognoscendum
1161 3790 1647 3862 peregrinantium
1697 3790 1995 3846 Scotorum
2047 3793 2296 3845 animum
2346 3792 2539 3864 magni
2590 3797 2789 3847 essent

531 3863 823 3927 momenti,
865 3862 913 3915 si
951 3862 1237 3926 sciremuS,
1279 3880 1311 3914 a
1351 3879 1595 3929 quonam
1621 3862 1774 3915 facta
1800 3863 2002 3928 essent,
2044 3868 2103 3916 et
2128 3881 2238 3932 qua
2263 3863 2335 3916 de
2364 3881 2546 3917 causa.
2613 3862 2786 3918 Nunc

534 3952 663 3988 cum
701 3934 835 4002 quia
869 3932 1050 3986 multo
1089 3936 1222 4001 post
1259 3933 1633 4000 compositam
1672 3935 2115 3988 controversiam
2152 3934 2436 4003 concripti
2472 3938 2619 3999 sunt,
2659 3939 2787 3989 tum

533 4005 666 4075 quia
701 4021 868 4058 nemo
908 4005 1040 4067 scit,
1081 4021 1216 4056 num
1253 4002 1490 4056 fortasse
1527 4004 1591 4068 is,
1633 4004 1729 4072 qui
1769 4021 1864 4058 eos
1901 4006 2141 4076 pepigit,
2183 4023 2282 4060 sua
2319 4006 2498 4075 ipsius
2536 4005 2788 4075 quadam

534 4093 702 4130 causa
723 4076 779 4128 in
802 4075 1085 4128 Romanos
1113 4073 1289 4128 fuerit
1313 4074 1597 4139 incitamen,
1626 4077 2105 4130 commemorandi
2133 4081 2278 4142 sunt,
2307 4076 2407 4130 sed
2433 4076 2788 4147 neglegendi

533 4148 594 4208 in
633 4145 993 4215 explananda
1031 4146 1154 4212 ipsa
1191 4162 1270 4198 re.

684 4218 702 4248 ²
744 4215 908 4269 Nova
944 4216 1096 4269 illius
1135 4216 1287 4269 vitae
1327 4216 1503 4270 editio
1543 4220 1728 4271 exstat
1752 4218 1809 4270 in
1837 4216 2046 4285 Arndt,
2088 4218 2281 4273 Kleine
2307 4218 2645 4273 Denkmc'iler
2679 4234 2787 4273 aus

535 4288 632 4356 cler
669 4286 1147 4355 Merowinyerzeit.
1197 4289 1362 4353 1875,
1404 4287 1503 4341 sed
1539 4289 1853 4358 simplicius
1893 4294 1981 4343 est
2019 4289 2191 4343 etiam
2228 4290 2395 4359 hujus
2434 4290 2585 4344 vitae
2625 4289 2787 4343 locos

535 4362 796 4428 repetere
834 4375 900 4410 ex
938 4357 1260 4412 Mabilionis
1300 4359 1571 4417 editione.
