3134 5034
1160 319 1593 378 „53-

237 521 430 578 quam
461 499 807 575 Patricium,
854 500 1109 577 denique
1155 504 1377 561 certum
1425 520 1555 558 mea
1603 500 1838 578 quidem
1885 497 2179 560 sententia
2226 498 2484 578 aliquam

236 610 515 668 unquam
559 589 824 649 Patricio
873 610 1004 649 cum
1050 589 1336 648 Romanis
1382 589 1561 648 fuisse
1610 591 2105 649 consuetudinem.

431 679 597 757 Ergo
647 680 789 757 quid
835 680 1072 753 mirum,
1136 678 1294 754 quod
1353 698 1542 755 neque
1597 679 1659 737 in
1706 679 1956 739 Patricii
2011 681 2247 760 scriptis
2293 701 2485 758 neque

239 769 399 829 alibi
445 769 761 846 quicquam
811 768 1083 842 occurrit,
1134 767 1289 845 quod
1337 767 1808 845 antiquissimam
1842 767 2149 829 Scotorum
2183 770 2484 829 ecclesiam

240 880 384 919 cum
444 858 743 934 Romana,
813 858 1006 935 qualis
1042 863 1208 917 tunc
1269 862 1423 930 erat,
1494 877 1613 916 non
1673 858 1737 916 in
1799 859 2071 918 omnibus
2127 860 2485 921 consensisse

242 949 626 1028 comprobet!

431 1036 550 1096 Sed
617 1058 691 1096 ne
759 1035 1054 1116 quispiam
1122 1041 1297 1116 putet
1365 1036 1440 1094 ad
1508 1037 1818 1096 obscuram
1896 1044 2075 1115 atque
2154 1043 2485 1098 contortam

241 1127 505 1188 Patricii
551 1127 858 1186 historiam
904 1126 1096 1186 redire
1145 1125 1547 1204 quaestionem
1595 1126 1669 1185 de
1715 1127 2161 1204 antiquissimae
2208 1128 2485 1187 ecclesiae

244 1217 564 1278 Scotorum
611 1224 825 1276 natura
871 1223 931 1275 et
977 1216 1262 1290 moribus,
1334 1221 1664 1275 extremum
1708 1215 1858 1274 illud
1913 1218 2015 1291 sit,
2086 1223 2154 1276 ut
2200 1224 2483 1295 repetam,

245 1327 403 1385 quae
450 1327 629 1385 supra
668 1309 792 1382 jam
839 1305 1055 1365 similia
1100 1305 1240 1363 dixi.
1302 1304 1476 1365 Licet
1503 1303 1645 1364 ficta
1687 1305 1765 1365 sit
1797 1305 2077 1385 Prosperi
2109 1306 2182 1365 de
2215 1306 2484 1365 Palladio
2566 1340 2570 1346 -

243 1395 541 1468 narrati0‚
588 1395 728 1455 licet
774 1415 1076 1472 nunquam
1120 1394 1417 1454 Patricius
1464 1394 1526 1452 in
1573 1393 1781 1468 Italia,
1828 1416 2130 1474 nunquam
2176 1396 2238 1454 in
2288 1394 2486 1454 Gallia

244 1485 459 1559 fuerit,
518 1490 717 1544 tamen
779 1485 920 1561 quia
963 1482 1273 1544 Britonem
1335 1492 1467 1542 eum
1511 1482 1692 1543 fuisse
1756 1490 2013 1559 constat,
2077 1485 2486 1562 antiquissima

247 1574 564 1640 Scotorum
614 1574 871 1648 ecclesia,
919 1593 1096 1650 quam
1139 1573 1239 1632 ille
1285 1573 1347 1631 in
1392 1573 1689 1632 Hibernia
1735 1575 2069 1648 constituit,
2117 1576 2193 1634 ab
2241 1575 2486 1634 ecclesia

246 1660 523 1724 Romana
568 1663 878 1725 dissentire
923 1683 1040 1723 non
1088 1661 1304 1741 potuit.
1396 1662 1612 1741 Itaque
1658 1663 1761 1741 qui
1806 1664 1989 1724 fuerit

342 1930 651 1998 secundae
696 1929 1002 1998 ecclesiae
1049 1928 1363 1997 Scotorum
1412 1928 1635 1997 aetatis
1683 1928 1885 1996 status
1931 1931 2397 1999 ecclesiasticus

245 2115 375 2189 jam
429 2111 598 2171 nobis
645 2111 1012 2189 quarendum
1071 2116 1186 2185 est,
1249 2131 1317 2170 ac
1369 2110 1627 2189 primum
1685 2110 1949 2188 quidem,
2007 2117 2078 2171 ut
2133 2132 2314 2191 supra
2363 2114 2484 2188 jam

252 2201 529 2276 diximus,
573 2200 973 2279 quaerendum
1021 2220 1093 2258 ex

755 2364 1090 2462 conumbae'
1123 2394 1365 2463 abbatis
1414 2394 1671 2462 usensis
1720 2393 1986 2461 matoria.

251 2562 346 2621 De
393 2557 708 2632 Columba,
778 2559 993 2618 abbate
1039 2558 1276 2618 Hiiensi
1337 2557 1439 2618 vix
1497 2559 1673 2637 plura
1732 2564 2027 2632 constare,
2100 2578 2274 2636 quam
2336 2581 2488 2636 quae

251 2650 419 2709 Beda
465 2655 735 2707 narraret
782 2647 863 2724 (h.
897 2669 945 2707 e.
980 2649 1037 2723 3,
1072 2649 1111 2725 4
1161 2654 1221 2708 et
1269 2649 1325 2721 3,
1362 2647 1443 2705 25
1494 2649 1565 2706 cf.
1603 2647 1658 2723 5,
1694 2649 1758 2725 9)
1791 2646 2119 2708 Schoellius
2165 2648 2228 2707 in
2274 2648 2484 2708 disser-

257 2739 481 2798 tatione
526 2757 634 2796 sua
684 2743 992 2797 censuerat
1039 2741 1119 2817 (p.
1155 2740 1282 2814 61),
1328 2744 1537 2815 postea
1571 2737 1838 2815 (Herzog
1868 2737 1942 2796 R.
1974 2737 2046 2796 E.
2082 2739 2137 2811 2,
2174 2739 2327 2815 788)
2360 2738 2486 2817 ipse

263 2827 486 2886 addidit
529 2826 716 2886 vitam
765 2826 1087 2886 Columbae
1133 2828 1209 2886 ab
1255 2825 1634 2900 Adamnano,
1698 2831 1757 2884 et
1812 2826 1941 2904 ipso
1990 2827 2205 2887 abbate
2252 2827 2486 2886 Hiiensi

263 2917 538 2992 (679-7
549 2916 633 2974 04
664 2916 743 2974 Η.
778 2916 895 2975 and
928 2915 1014 2974 St.
1047 2915 1133 2989 H,
1175 2918 1224 2990 l,
1255 2936 1314 2993 p.
1355 2915 1522 2992 135),
1571 2914 1965 2993 conscriptam
1996 2915 2161 2992 (Act.
2194 2914 2299 2975 SS.
2330 2915 2484 2975 Boll.

257 3006 382 3066 Juli
417 3007 472 3079 9,
504 3026 562 3084 p.
603 3007 723 3063 197
759 3025 888 3082 sqq.
920 3011 981 3064 et
1012 3005 1198 3081 alibi),
1246 3024 1423 3081 quam
1465 3017 1643 3064 antea
1687 3011 1933 3082 propter
1975 3006 2222 3078 fabulas,
2273 3005 2486 3082 quibus

258 3095 544 3168 abundat,
607 3094 962 3153 Adamnano
1024 3094 1351 3155 attribuere
1411 3093 1807 3154 dubitaverat.
1912 3094 1996 3154 Et
2066 3094 2289 3174 optimo
2353 3098 2487 3172 jure

259 3183 512 3263 priorem
560 3204 723 3244 suam
769 3185 1121 3244 sententiam
1155 3182 1483 3243 Schoellius
1515 3183 1806 3263 deposuit.
1868 3184 2042 3244 Licet
2074 3184 2228 3243 enim
2260 3183 2484 3243 Adam-

258 3294 444 3333 nanus
503 3279 732 3334 tantam
792 3274 969 3333 fidem
1030 3273 1328 3333 miraculis
1390 3273 1758 3350 adjunxerit,
1821 3280 1904 3346 ut,
1935 3274 2028 3333 vel
2087 3273 2359 3333 absurdis
2419 3295 2488 3333 ac

259 3365 431 3443 plane
492 3363 712 3443 ineptis
772 3364 950 3424 rebus
1009 3364 1266 3442 gaudeat
1327 3364 1401 3439 (e.
1443 3384 1497 3441 g.
1534 3364 1591 3437 2,
1628 3362 1728 3436 53,
1775 3383 1833 3440 p.
1870 3363 2041 3439 217),
2089 3398 2174 3407 -—-
2223 3362 2364 3440 quid
2410 3364 2486 3422 ad

259 3453 418 3512 rem?
494 3453 706 3515 Nonne
775 3454 930 3512 idem
1000 3454 1222 3531 ubique
1293 3459 1354 3511 et
1413 3451 1573 3532 apud
1632 3471 1833 3510 omnes
1902 3452 2023 3510 fere
2086 3454 2209 3528 ejus
2270 3452 2486 3512 aetatis

259 3544 572 3622 scriptores
619 3543 912 3602 occurrit?
982 3542 1084 3602 An
1132 3541 1342 3602 ceteris
1398 3541 1747 3601 eruditiores
1803 3544 1975 3599 erant
2020 3539 2206 3615 Sonti,
2267 3539 2486 3601 diversi

263 3633 434 3692 etiam
491 3631 596 3688 illa
649 3651 713 3688 re
768 3633 844 3690 ab
891 3632 1163 3692 omnibus
1218 3632 1478 3709 ejusdem
1535 3631 1749 3690 aetatis
1809 3629 2183 3690 hominibus?
2251 3630 2487 3691 Revera

263 3720 607 3792 Schoellius,
658 3739 788 3779 cum
837 3720 1311 3782 dissertationem
1359 3740 1522 3781 suam
1571 3719 1995 3793 conscriberet,
2059 3720 2203 3779 talia
2250 3719 2485 3781 videtur

263 3810 548 3888 cogitasse
608 3828 796 3885 neque
845 3810 1034 3870 adhuc
1079 3810 1251 3869 hodie
1298 3811 1540 3885 desunt,
1614 3810 1715 3887 qui
1777 3808 2022 3868 eandem
2082 3810 2289 3869 falsam
2352 3830 2483 3888 per·

263 3900 586 3961 suasionem
633 3898 747 3957 sibi
792 3898 1111 3959 induerint.
1170 3899 1264 3957 Ea
1310 3899 1442 3978 ipsa
1487 3900 1559 3959 de
1592 3920 1765 3959 causa
1811 3899 1881 3958 de
1928 3898 2021 3958 his
2050 3900 2233 3958 verba
2280 3899 2486 3958 fecisse

264 3989 416 4048 haud
464 3990 539 4049 ab
586 4008 650 4046 re
697 3988 863 4047 duco.
953 3989 1448 4049 Luculentissime
1480 3989 1636 4047 enim
1668 3995 1728 4048 et
1757 3988 2051 4048 Muirchui
2082 3989 2209 4048 vita
2238 3988 2484 4048 Patricii

267 4083 323 4137 et
373 4077 713 4137 Adamnani
766 4078 893 4137 vita
941 4077 1289 4151 Columbae,
1359 4078 1561 4137 eodem
1617 4079 1737 4137 fere
1793 4083 2055 4159 tempore
2110 4078 2484 4157 compositae,

267 4167 668 4227 demonstrant
713 4166 921 4227 Scotos
968 4167 1168 4227 eadem
1225 4167 1403 4227 fuisse
1452 4167 1829 4242 credulitate,
1876 4168 2105 4241 eodem,
2166 4189 2239 4226 ne
2295 4166 2485 4226 dicam

268 4260 496 4333 majore,
544 4257 958 4317 miraculorum
1005 4278 1203 4317 amore
1236 4261 1296 4315 et
1334 4255 1549 4330 studi0‚
1597 4261 1776 4334 atque
1823 4277 2023 4316 omnes
2069 4257 2226 4315 illius
2273 4257 2486 4317 aetatis

267 4346 624 4407 christianos.

435 4436 527 4495 De
574 4435 784 4495 ceteris
831 4442 1027 4496 autem
1075 4434 1395 4496 Columbae
1442 4433 1583 4496 vitis
1614 4456 1650 4494 a
1681 4435 1944 4513 Colgano
1979 4434 2179 4510 (Trias
2210 4434 2485 4513 Thaum.)
