3134 5034
1211 335 1646 393 ..57-

316 515 672 575 Sanctorum
720 514 1048 574 Hiberniae
1095 514 1199 591 (H.
1231 513 1350 573 and
1381 513 1466 573 St.
1499 512 1585 587 ΙΙ,
1622 515 1678 587 2,
1726 535 1784 592 p.
1819 515 1965 588 292,
2015 515 2085 573 cf.
2129 533 2310 592 supra
2346 535 2405 593 p.
2441 513 2550 590 52)

317 605 694 683 conscripsit,
757 624 875 663 non
930 603 1101 681 fugit.
1194 605 1347 664 Nam
1395 623 1527 663 cum
1574 604 1646 662 de
1691 603 1882 682 primo
1929 603 2282 663 Sanctorum
2327 603 2549 677 ordine,

314 694 417 776 qui
472 703 596 754 erat
651 692 715 753 in
772 701 1029 775 tempore
1072 689 1324 752 Patrio-ii
1334 737 1351 764 ‚
1411 692 1630 752 dixerit
1674 712 1859 752 unum
1916 702 2094 772 caput
2151 687 2449 752 qurz'stum
2501 700 2553 751 at

314 804 498 844 unum
561 783 769 843 ducem
826 779 1156 841 Patricium
1213 779 1524 852 habebant,
1595 783 1667 840 de
1728 783 2010 856 secundo,
2080 782 2183 858 qui
2230 782 2551 841 Columbae

319 874 687 952 temporibus
734 878 875 946 erat,
923 874 1008 931 nil
1063 872 1178 931 nisi
1223 891 1430 942 unum,
1490 871 1713 956 inquit,
1775 880 1949 953 caput
1992 867 2303 943 habebant,
2366 869 2548 931 domi-

314 984 460 1023 num
501 970 780 1022 nostrum.

495 1053 658 1129 Ergo
707 1072 826 1111 non
871 1049 1019 1109 illud
1073 1050 1372 1127 singulare
1432 1056 1588 1122 erat,
1636 1049 1795 1128 quod
1840 1050 2257 1109 monesterium
2305 1050 2551 1110 Hiiense

319 1143 722 1223 principatum
773 1141 1066 1219 quendam
1110 1141 1355 1199 tenebat
1399 1140 1461 1197 in
1493 1139 1626 1198 aliis
1659 1139 2045 1212 monasteriis,
2094 1140 2196 1199 sed
2226 1139 2352 1214 hoc,
2395 1140 2553 1217 quod

319 1253 436 1292 non
487 1233 672 1292 solum
705 1231 987 1289 nonnulla
1032 1230 1093 1288 in
1125 1229 1420 1288 Hibernia
1450 1230 1824 1303 monasteria,
1865 1229 1967 1289 sed
2000 1236 2211 1289 cuncta
2240 1228 2551 1289 Pictorum

319 1331 483 1383 terra
528 1321 794 1380 Hiiensis
841 1318 1183 1379 monasterii
1229 1319 1435 1379 abbati
1480 1326 1610 1378 erat
1657 1320 1939 1395 subjecta.
1989 1353 2062 1362 —
2100 1320 2307 1395 Neque
2351 1326 2551 1378 tamen

319 1414 430 1472 hoc
476 1409 810 1470 mirandum
858 1416 973 1482 est,
1035 1429 1174 1468 nam
1219 1408 1296 1467 ab
1341 1430 1459 1468 uno
1504 1409 1608 1467 illo
1670 1408 2027 1467 monasterio
2072 1414 2203 1468 tota
2247 1407 2553 1467 Pictorum

320 1523 465 1580 gens
512 1500 725 1562 sensim
773 1499 1205 1577 paullatimque
1236 1499 1298 1556 in
1329 1499 1671 1558 societatem
1714 1496 2068 1557 christianae
2113 1497 2253 1557 fidei
2299 1517 2550 1557 assume·

319 1593 529 1663 batur,
594 1609 724 1649 cum
785 1589 847 1646 in
908 1587 1204 1647 Hibernia
1262 1594 1470 1666 utpote
1524 1592 1649 1665 jam
1705 1587 2026 1647 christiana
2080 1588 2376 1665 permulta
2432 1607 2552 1645 mo-

319 1680 582 1740 nasteria
625 1699 745 1738 una
791 1678 1112 1755 eademque
1158 1682 1356 1737 aetate
1401 1678 1918 1740 constituerentur.

498 1771 668 1829 Haec
717 1769 786 1827 de
834 1775 1080 1827 externa
1126 1767 1401 1826 ecclesiae
1447 1767 1759 1827 Scotorum
1807 1769 2013 1827 forma.
2091 1768 2263 1827 Nunc
2309 1766 2552 1845 propius

313 1864 438 1937 jam
498 1858 839 1918 accedamus
896 1857 974 1915 ad
1033 1857 1463 1934 inspiciendum
1525 1857 1801 1916 ecclesiae
1861 1861 2101 1918 statum.
2191 1856 2556 1915 ,Monasteria

322 1950 603 2008 nonnulla
636 1948 1030 2026 episcopalem
1062 1946 1360 2022 quandam
1392 1967 1593 2006 curam
1622 1946 1685 2004 in
1719 1945 1963 2005 ecclesia
1994 1946 2242 2023 gessisse
2271 1945 2552 2017 vidimus3

324 2036 566 2110 accedit,
616 2036 772 2115 quod
817 2037 985 2095 Beda
1031 2041 1234 2094 narrat
1280 2036 1352 2095 de
1400 2035 1759 2095 monasterio
1798 2035 2064 2094 Hiiensi:
2111 2031 2318 2093 habere
2361 2042 2555 2093 autem

324 2124 461 2187 solet
518 2125 648 2207 ipsa
705 2123 897 2186 imula
947 2133 1227 2185 rectorem
1285 2143 1514 2227 semper
1572 2123 1837 2184 abbam
1903 2121 2328 2204 presbytemm,
2391 2118 2553 2205 cujus

308 2213 448 2297 juri
491 2225 542 2275 et
585 2215 771 2276 omnis
802 2212 1119 2296 provincia
1179 2223 1231 2273 et
1291 2213 1409 2294 ipsi
1464 2214 1637 2274 etiam
1697 2212 1955 2294 episcopi
2024 2211 2226 2273 ordine
2282 2210 2554 2273 inusitato

320 2305 561 2366 debeant
608 2324 725 2365 esse
768 2301 1030 2386 subjecti,
1079 2299 1262 2384 juata
1315 2301 1642 2384 exemplwn
1690 2301 1887 2382 primi
1943 2301 2221 2374 doctom's,
2282 2301 2384 2384 qui
2439 2321 2556 2362 non

320 2394 643 2474 episcopus,
707 2394 808 2453 sed
853 2391 1160 2473 presbyter
1205 2393 1415 2454 exstit&
1480 2403 1531 2453 et
1576 2389 1892 2453 monachus
1940 2392 2020 2470 (h.
2055 2414 2101 2451 e.
2138 2394 2201 2466 3,
2237 2393 2276 2450 4
2310 2393 2344 2470 g
2385 2393 2552 2469 160).

322 2483 523 2559 Quid?
592 2483 813 2542 Utrum
859 2484 1156 2560 singulare
1204 2490 1334 2543 erat
1381 2483 1536 2561 quod
1586 2484 1658 2543 de
1706 2483 2061 2543 monasterio
2107 2482 2347 2547 Hiiensi
2390 2481 2557 2540 Beda

321 2579 563 2633 enarrat
626 2572 844 2634 verbis.
883 2572 1055 2631 modo
1118 2575 1614 2648 commemoratis,
1687 2593 1763 2631 an
1830 2572 1985 2631 idem
2051 2572 2230 2631 etiam
2290 2571 2436 2629 alibi
2494 2570 2558 2629 in

323 2663 570 2722 ecclesia
601 2660 913 2721 Scotorum
959 2662 1412 2722 inveniebatur?
1476 2661 1636 2738 Quid
1667 2661 1904 2721 omnino
1945 2661 2329 2738 judicandum
2363 2667 2455 2719 est
2486 2659 2558 2718 de

325 2752 682 2812 auctoritate
714 2751 834 2826 illa,
878 2772 1055 2830 quam
1094 2753 1455 2812 monasteria
1494 2754 1555 2810 in
1600 2753 1841 2812 ecclesia
1873 2751 2184 2811 Scotorum
2215 2749 2557 2809 habebant?

502 2841 893 2900 Perdifficiles
941 2849 1080 2900 sunt
1123 2841 1234 2899 hae
1283 2842 1678 2917 queestiones,
1728 2860 1945 2916 eaeque
1991 2841 2168 2913 tales,
2223 2840 2297 2899 de
2344 2839 2558 2915 quibus

328 2931 516 2991 adhuc
562 2930 737 2989 hodie
767 2931 885 2989 viri
930 2930 1090 2988 docti
1136 2929 1374 2988 minime
1420 2929 1810 2989 consentiant.
1875 2930 2006 3004 Qua
2038 2929 2112 2987 de
2143 2948 2320 2987 causa
2364 2930 2557 2986 facere

323 3041 439 3079 non
502 3040 770 3100 possum,
831 3025 900 3077 ut
957 3020 1019 3077 in
1080 3019 1210 3098 ipsa
1265 3018 1668 3097 disputatione
1726 3018 2017 3098 expressis
2062 3018 2260 3078 verbis
2305 3018 2556 3077 aliorum

329 3111 649 3169 sententias
680 3110 1037 3187 impugnem.
1091 3109 1282 3166 Meam
1315 3108 1515 3187 potius
1537 3109 1696 3169 viam
1728 3108 2077 3187 simpliciter
2107 3128 2444 3186 persequar,
2470 3142 2557 3151 --

325 3199 613 3275 siquidem
659 3219 790 3257 mea
836 3205 949 3272 est,
1015 3219 1192 3275 quam
1239 3218 1356 3257 non
1415 3198 1792 3271 invenissem,
1852 3198 1965 3257 nisi
2028 3198 2175 3256 alios
2221 3197 2555 3257 habuissem

325 3289 500 3348 duces
547 3288 794 3348 itineris.

500 3377 827 3437 Exordium
874 3398 945 3437 ex
991 3378 1113 3436 alto
1157 3384 1428 3456 petamus
1474 3397 1710 3437 necesse
1757 3381 1861 3436 est.
1940 3375 2355 3450 Quaerendum
2401 3374 2555 3433 enim

326 3473 431 3541 est,
465 3487 603 3525 num
637 3467 875 3526 omnino
908 3467 1127 3545 gradus
1160 3468 1540 3527 ecclesiastici
1574 3487 1689 3525 non
1722 3466 2098 3544 reperiantur
2138 3464 2298 3543 apud
2329 3462 2555 3537 Scotos,

326 3577 465 3614 num
514 3576 713 3614 omnes
760 3557 957 3615 clerici
989 3557 1249 3636 exceptis
1281 3557 1598 3634 abbatibus
1630 3577 1701 3615 ea
1740 3562 1929 3634 parte,
1978 3559 2268 3632 quatenus
2309 3554 2556 3613 abbates

327 3652 512 3717 erant,
559 3663 732 3721 pares
771 3645 995 3705 fuerint
1041 3645 1336 3723 dignitate
1383 3646 1536 3705 sicut
1581 3666 1708 3705 mos
1755 3651 1844 3704 est
1888 3644 2344 3703 monachorum?

502 3734 917 3807 Diaconorum,
965 3735 1036 3792 de
1084 3736 1299 3812 quibus
1330 3736 1585 3814 primum
1617 3734 1927 3794 dicendum
1970 3740 2076 3808 est,
2122 3733 2391 3811 gradum,
2437 3751 2556 3792 non

325 3823 458 3882 dico
521 3842 732 3881 nomen
794 3823 1073 3898 (Ebrard.
1118 3846 1176 3902 p.
1229 3825 1353 3883 180
1402 3828 1575 3902 sqq.)‚
1639 3824 1798 3903 apud
1854 3823 2062 3883 Scotos
2123 3842 2239 3882 non
2302 3822 2556 3882 defuisse

329 3912 721 3972 Adamnanus
768 3920 858 3972 est
904 3913 1101 3986 testis3
1146 3913 1315 3990 isque
1347 3920 1542 3973 certus
1590 3934 1658 3973 ac
1703 3915 1924 3973 bonus:
1973 3934 2126 3987 nam,
2174 3912 2285 3971 etsi
2331 3912 2558 3990 primus

327 4003 607 4062 abbatum
632 4001 987 4075 Hiiensium‚
1020 4007 1087 4060 ut
1117 4011 1325 4080 postea
1357 4004 1707 4077 videbimus,
1741 4023 1873 4062 cum
1898 4002 2183 4062 Romanis
2214 4002 2557 4061 societatem

328 4178 455 4231 culo
495 4128 734 4246 septimo
782 4176 1106 4247 episcopum
1153 4175 1615 4232 Ardmachanum
1654 4177 2033 4248 principatum
2083 4175 2363 4246 quendam
2411 4174 2554 4229 obti-

326 4250 529 4315 nuisse,
571 4250 720 4317 quod
759 4249 909 4302 idem
948 4248 1080 4302 inde
1106 4254 1363 4316 apparet,
1405 4250 1559 4318 quod
1585 4267 1728 4303 anno
1757 4249 1858 4304 697
1888 4249 2181 4317 episcopus
2206 4246 2554 4301 Ardmacha-

326 4339 430 4374 nus
473 4321 686 4387 synodo
727 4320 960 4373 Tarensi
998 4319 1245 4388 praefuit
1283 4319 1496 4389 (Skene
1521 4318 1667 4389 ΙΙ,
1674 4321 1865 4390 .1’73).
1917 4319 2029 4375 Sed
2057 4319 2276 4373 saeculo
2318 4318 2555 4387 septimo

328 4397 567 4445 exeunte
606 4392 975 4445 vetustiorem
1014 4408 1132 4444 esse
1158 4391 1436 4462 insignem
1464 4392 1628 4445 illum
1653 4392 1800 4445 sedis
1825 4390 2260 4445 Ardmachanae
2287 4389 2553 4442 honorem

326 4463 680 4532 comprobari
718 4479 829 4517 non
867 4468 1071 4531 potest.
