3134 5034
1244 324 1735 381 —101—

361 520 423 578 p.
473 501 629 576 440)
677 500 780 558 sed
827 500 945 577 ipsi
990 500 1185 559 sancti
1230 505 1292 558 et
1337 500 1499 577 ipsae
1546 506 1814 573 sanctae,
1870 500 2085 577 quibus
2138 520 2272 558 cum
2319 501 2611 560 Columba

362 596 499 649 erat
542 588 931 661 necessitudO,
977 588 1387 666 virginitatem
1432 588 1592 647 tanti
1638 589 2112 660 aestimaverint,
2158 596 2228 647 ut
2275 590 2390 648 nisi
2423 590 2611 649 ¹inviti

361 698 402 737 0
450 677 799 756 parentibus
845 678 1119 737 collocati
1165 680 1286 737 sint
1332 677 1464 755 (vit.
1498 675 1861 753 salabergae
1897 681 1954 750 6,
1985 679 2143 737 Mab.
2175 676 2262 751 ΙΙ,
2295 699 2430 737 000.
2466 678 2612 752 655,

365 789 425 845 p.
460 767 617 843 424)
664 785 855 843 neque
900 786 1010 825 sua
1038 774 1240 848 sponte
1270 766 1559 826 desierint
1590 763 1801 826 divim}
1838 765 2172 848 praeceptis
2202 786 2262 825 se
2289 763 2614 846 implicare.

367 856 535 932 Ergo
581 875 698 914 non
746 854 887 915 solis
948 855 1339 934 scriptoribus
1387 855 1629 932 (Jonas,
1677 855 1783 915 vit.
1831 856 2018 932 Burg.
2066 857 2134 926 3,
2190 877 2250 934 p.
2298 856 2454 933 440)
2510 856 2615 916 sed

363 944 549 1003 etiam
598 944 743 1022 ipsis
789 944 1010 1004 sanctis
1054 944 1497 1003 matrimonium
1544 951 1608 1003 et
1640 945 1780 1003 vita
1825 945 2168 1004 monachica
2214 945 2301 1004 ita
2345 946 2503 1003 inter
2549 963 2610 1004 se

365 1033 671 1092 contraria
732 1052 858 1092 esse
914 1033 1298 1106 videbantur,
1357 1039 1428 1091 ut
1482 1032 1814 1093 consecrari
1870 1033 1978 1093 deo
2032 1034 2193 1092 idem
2253 1040 2408 1093 esset
2455 1034 2616 1110 quod

363 1141 609 1180 manere
656 1122 721 1179 in
766 1122 1115 1198 virginitate
1162 1122 1327 1198 (Jon.
1376 1122 1484 1182 vit.
1531 1122 1704 1184 Dust.
1762 1123 1812 1196 1,
1860 1144 1919 1200 p.
1971 1124 2140 1199 117).

548 1210 644 1268 Ex
683 1211 939 1288 singulis
987 1210 1199 1269 deinde
1247 1211 1621 1282 testimoniis,
1656 1227 1808 1287 quae
1855 1210 2167 1270 Ebrardus
2199 1210 2444 1288 profert,
2491 1210 2610 1288 pri-

363 1317 527 1357 mum
575 1299 896 1375 rejicienda
931 1305 1083 1358 -sunt
1130 1320 1215 1372 00,
1264 1319 1417 1377 quae
1446 1300 1732 1377 repetivit
1762 1321 1836 1359 ex
1866 1300 1970 1360 vit.
2004 1299 2204 1359 Salab.
2243 1302 2340 1372 17,
2371 1321 2428 1377 p.
2456 1300 2613 1372 4283

363 1386 474 1446 vit.
524 1387 649 1445 001.
700 1389 800 1461 23,
847 1410 905 1467 p.
961 1388 1041 1447 14
1087 1390 1158 1447 cf.
1206 1388 1475 1447 Columb.
1523 1410 1616 1468 ep.
1667 1390 1732 1462 3,
1779 1408 1837 1467 p.
1889 1391 1969 1446 27
2019 1388 2109 1461 A3
2166 1388 2272 1448 vit.
2331 1388 2452 1447 Sal.
2506 1389 2610 1461 12,

365 1497 425 1554 p.
476 1477 558 1534 42
569 1479 625 1550 6,
685 1497 823 1535 0010
876 1496 1010 1535 0010
1067 1478 1195 1555 ipse
1241 1477 1553 1538 Ebrardus
1610 1480 1895 1538 concedat
1948 1478 2041 1537 his
2082 1477 2444 1537 testimoniis
2487 1493 2613 1535 rem

361 1566 706 1624 confirmari
752 1586 871 1624 non
916 1586 1089 1645 posse
1136 1569 1218 1644 (p.
1270 1567 1443 1643 215),
1490 1568 1719 1627 leviora
1762 1567 1887 1626 sint
1932 1586 2168 1626 necesse
2214 1572 2321 1625 est.

546 1654 708 1713 Illud
754 1675 897 1714 vero
930 1655 1351 1729 testimonium,
1398 1657 1557 1733 quod
1605 1677 1678 1714 ex
1709 1656 2065 1733 Leodegarii
2095 1656 2222 1715 vita
2266 1654 2612 1733 desumpsit,

365 1743 453 1801 nil
499 1742 662 1801 aliud
709 1745 1057 1821 comprobat
1101 1744 1217 1802 nisi
1265 1744 1474 1803 miram
1519 1744 1821 1823 quandam
1851 1746 1914 1803 in
1948 1744 2259 1804 scribendo
2290 1744 2612 1803 levitatem.

366 1831 524 1892 Nam
556 1831 930 1910 Leodegario
963 1833 1447 1892 consuetudinem
1492 1835 1677 1893 fuisse
1708 1853 1839 1893 cum
1880 1834 2050 1893 sociis
2070 1832 2409 1908 Columbae
2450 1832 2612 1891 affir-

368 1921 519 1979 mari
565 1922 805 1980 01001110
849 1941 969 1979 000
1017 1927 1215 1999 potest
1257 1922 1405 1996 (vid.
1452 1921 1728 1998 Loening
1758 1923 1844 1995 ΙΙ,
1891 1944 1947 2000 p.
1984 1922 2157 1999 428),
2205 1928 2364 1980 certe
2408 1919 2614 1979 fictum

364 2016 461 2069 est
509 2027 653 2068 ¹'eum
700 2010 920 2069 vixisse
971 2010 1043 2068 10
1100 2011 1495 2069 matrimonio.
1586 2011 1895 2072 Ebrardus
1956 2011 2139 2083 enim,
2200 2010 2340 2086 quia
2385 2008 2614 2068 Leode·

362 2098 571 2175 garius
619 2099 876 2159 moriens
920 2095 1222 2159 mulierem
1270 2098 1460 2178 coepit
1502 2097 1795 2159 consolari
1840 2117 2006 2158 suam
2064 2098 2253 2177 ipsius
2309 2098 2616 2157 mulierem

364 2203 503 2245 eum
550 2189 917 2247 consolatum
980 2207 1105 2256 esse
1166 2189 1455 2259 affirmat,
1518 2187 1678 2266 quod
1737 2189 1812 2247 de
1873 2190 2038 2247 011110
2098 2188 2216 2246 alia
2261 2188 2506 2246 muliere
2552 2186 2615 2245 in

367 2276 670 2354 prioribus
717 2277 939 2336 mentio
983 2277 1146 2335 facta
1191 2277 1286 2336 sit.
1375 2278 1540 2337 »Proh
1586 2278 1778 2336 dolor!
1854 2277 1924 2337 Si
1968 2295 2177 2337 versus
2222 2276 2439 2355 prioris
2482 2275 2617 2334 dili·

273 2353 288 2366 ⁸
365 2364 608 2441 gentius
654 2366 944 2424 rationem
1009 2366 1339 2440 habuisset,
1394 2367 1701 2426 mulierem
1761 2366 1924 2424 111010
1970 2366 2362 2426 intellexisset
2407 2385 2616 2424 revera

369 2452 554 2511 aliam
600 2473 719 2513 non
764 2455 963 2529 fuisse,
1009 2474 1190 2531 quam
1237 2456 1466 2515 comitis
1527 2455 1744 2533 palatii
1789 2455 2184 2514 chrodeberti
2229 2474 2490 2512 uxorem.
2501 2453 2527 2489 ¹

550 2541 759 2620 Neque
785 2559 882 2601 ex
879 2544 996 2603 avit
1021 2543 1345 2620 Wandreg.
1376 2544 1559 2622 prior.
1593 2564 1642 2603 c.
1673 2544 1740 2616 4,
1772 2544 1929 2602 Mab.
1960 2542 2046 2616 II,
2079 2565 2138 2621 p.
2173 2543 2296 2600 527
2330 2541 2614 2619 (Ebrard,

364 2647 430 2709 p.
454 2631 482 2688 1
496 2630 604 2706 94)
630 2631 793 2690 aliud
818 2632 1133 2733 quiequam
1157 2633 1355 2709 colligi
1380 2651 1551 2709 posse
1571 2632 1690 2692 nisi
1722 2633 1883 2709 quod
1905 2632 2149 2692 nubilio
2173 2631 2351 2690 dixit.
2389 2625 2615 2690 Wand-

361 2715 634 2799 reqieilus
678 2718 858 2780 uwori
898 2720 1218 2781 caetitatem
1252 2720 1606 2803 persuadet,
1657 2721 1785 2799 ipse
1832 2722 2021 2780 lector
2064 2719 2237 2779 facile
2283 2725 2615 2796 cognoscet.

550 2806 672 2867 Sed
715 2808 862 2886 quid
899 2810 1232 2885 judicemus
1294 2809 1367 2868 de
1428 2809 1502 2869 iis
1555 2809 1821 2869 vitarum
1865 2809 2044 2882 locis,
2110 2808 2217 2886 qui
2276 2828 2482 2867 revera
2540 2808 2615 2866 de

367 2896 791 2956 monachorum
834 2896 975 2956 filiis
1019 2898 1114 2957 vel
1141 2897 1339 2956 filiolis
1369 2898 1730 2957 mentionem
1761 2896 2030 2956 faciunt?
2076 2895 2244 2955 Ante
2276 2902 2615 2974 susceptum

363 2986 790 3045 monachorum
838 2992 1043 3046 votum
1088 2985 1205 3046 viri
1250 2986 1339 3044 illi
1382 2985 1534 3046 filios
1564 2992 1915 3063 genuerunt.
1974 2986 2146 3045 ‘Haec
2173 2985 2340 3063 prior
2380 2990 2469 3044 est
2498 3003 2614 3043 λ0111-

361 3074 734 3154 planstionis
781 3076 937 3135 ratio
984 3094 1170 3154 eaque
1228 3075 1524 3152 proxima,
1584 3076 1726 3152 quia
1786 3081 2022 3136 eonstst
2076 3074 2426 3153 saepissime
2472 3080 2616 3133 tunc

353 3164 655 3242 temporis
715 3164 876 3224 viros
937 3170 1136 3224 aetate
1201 3164 1606 3243 provectiores
1659 3169 1772 3224 ‘aut
1840 3164 2091 3224 mortuis
2148 3163 2450 3223 uxoribus
2512 3167 2616 3222 aut

352 3252 704 3331 composito
733 3273 884 3313 *cum
915 3252 1033 3313 illis
1066 3253 1308 3316 consilio
1335 3253 1761 3313 monachorum
1793 3254 2041 3330 collegio
2074 3251 2404 3312 accessisse.
2474 3252 2615 3311 Hac

357 3341 808 3419 tinterpmtanffi
867 3343 1097 3401 ratione
1158 3343 1250 3402 uti
1310 3342 1454 3402 licet
1514 3342 1579 3402 10
1637 3342 1765 3402 vita
1825 3340 2114 3422 Adelphii
2178 3343 2215 3398 7
2280 3341 2464 3417 (Mab.
2525 3339 2613 3412 II,

353 3449 506 3489 ann.
556 3431 704 3504 670,
745 3447 809 3509 p.
837 3432 1015 3508 603),
1061 3430 1167 3490 ubi
1211 3431 1358 3490 11000
1388 3432 1697 3508 leguntur:
1727 3428 1966 3511 faemm
2010 3437 2111 3501 est,
2150 3436 2220 3487 -ut
2262 3426 2326 3487 in
2356 3426 2452 3488 die
2493 3425 2615 3499 illo,

357 3535 483 3600 ’9100
510 3516 802 3600 festivitas
849 3517 1057 3579 Sancti
1082 3515 1295 3580 Amatz'
1336 3517 1635 3600 ayebatur,
1661 3515 1890 3602 filiolus
1928 3516 2118 3599 &psius
2163 3525 2396 3576 sanctus
2427 3511 2611 3575 Adel-

359 3603 545 3687 ptius
585 3606 652 3667 in
696 3607 900 3668 eadem
946 3605 1189 3669 ὂαεᾶἰσα
1233 3604 1585 3687 sepeliretur.
1646 3608 1750 3668 Nil
1780 3606 1950 3665 *enim
1982 3606 2252 3684 impedit,
2301 3605 2614 3683 quominus

361 3711 661 3775 ponamus
721 3695 1088 3775 Adelphium
1136 3696 1206 3773 (†
1255 3697 1410 3773 670)
1453 3704 1662 3756 natum
1718 3713 1887 3769 ·esse,
1949 3694 2298 3774 priusquam
2357 3694 2615 3754 Amatus

370 3785 792 3848 monachorum
823 3785 1012 3846 vitam
1044 3786 1505 3864 amplecteretur
1535 3786 1697 3862 (cire.
1733 3784 1906 3860 59‘1),
1937 3805 2075 3843 0001
2107 3783 2433 3855 Ebrardus,
2480 3799 2616 3842 cum

367 3872 738 3952 Adelphium
776 3891 941 3934 ’0000
990 3876 1117 3934 620
1163 3880 1372 3934 natum
1419 3893 1549 3933 esse
1592 3894 1670 3933 ex
1716 3874 1843 3933 vita
1874 3871 2162 3950 Adelphii
2209 3892 2256 3930 0.
2291 3872 2331 3929 4
2378 3869 2612 3930 efficere

355 3969 636 4037 ²conatur,
685 3964 769 4021 nil
813 3964 979 4023 aliud
1005 3962 1457 4023 ¹demonstravit
1497 3962 1618 4023 ’0101
1665 3983 1728 4021 se
1773 3962 1968 4041 ipsum
2027 3962 2248 4033 locum,
2312 3979 2430 4037 quo
2475 3975 2615 4019 usus

369 4058 481 4124 est,
527 4059 805 4112 accurate
850 4071 971 4110 non
1014 4051 1286 4129 legisse.²
1375 4050 1495 4111 Sed
1539 4052 1701 4110 haud
1747 4052 1868 4111 scio
1924 4071 2002 4109 00
2047 4049 2198 4109 illud
2222 4044 2458 4131 filiolus
2502 4048 2615 4108 hoc

519 4207 540 4239 ²
579 4207 749 4261 Hunc
797 4221 1021 4261 versum
1067 4206 1178 4260 nisi
1224 4206 1348 4274 ipse
1394 4203 1746 4276 Loesingius
1795 4206 2090 4260 videretur
2149 4203 2612 4273 praetermisisse,

366 4277 444 4332 sd
473 4278 603 4347 ejus
639 4279 817 4332 verba
854 4277 958 4348 (II,
999 4294 1054 4348 p.
1094 4276 1224 4360 428)
1263 4276 1540 4331 lectorem
1570 4277 1945 4347 delegassem.

507 4350 540 4383 ⁸
577 4348 789 4403 Narrat
841 4349 998 4402 011110
1054 4348 1156 4403 vit.
1213 4346 1465 4416 Adelph.
1509 4348 1547 4401 4
1602 4345 1754 4401 Mab.
1804 4346 1899 4413 11,
1957 4364 2013 4415 p.
2075 4347 2178 4402 603
2243 4344 2611 4414 Adelphium,

358 4420 387 4490 j
404 4437 506 4474 010
554 4436 807 4486 senem,
856 4419 1177 4475 Luxovium
1223 4418 1573 4487 pervenisse,
1626 4420 1691 4471 ut
1736 4418 1943 4472 fratres
1981 4417 2266 4483 visitaret,
2316 4422 2375 4470 et
2419 4419 2614 4471 saneto
