3134 5034
1446 281 1934 340 -120—

574 459 665 516 Dc
714 476 849 529 qua,
903 475 1029 515 oum
1076 457 1200 527 ipse
1246 456 1338 511 vir
1384 456 1738 514 venerandus
1786 456 2055 527 loquendi
2100 460 2442 526 potestatem
2485 457 2627 513 mihi
2676 474 2807 513 con·

577 531 832 597 cesserit,
870 531 1118 585 lectores
1155 528 1395 583 edocere
1431 527 1574 582 mihi
1610 528 1794 584 liceat.

719 602 884 657 Sicut
928 600 1172 655 vidimus
1229 598 1526 654 ecclesiam
1576 597 1875 653 Scotorum
1930 599 2162 654 ineunte
2212 599 2434 654 saeculo
2486 600 2685 670 quinto
2733 605 2806 658 ab

574 675 818 729 ecclesia
864 669 1145 728 catholica
1191 671 1416 725 omnino
1455 670 1740 724 diversam
1775 687 1890 725 non
1927 670 2130 737 fuisse,
2180 675 2381 740 postea
2417 676 2628 737 autem,
2676 690 2803 730 cum

574 749 796 801 remota
833 762 867 799 a
904 742 1244 799 commercio
1283 759 1410 796 cum
1447 740 1573 796 aliis
1611 742 1886 796 ecclesiae
1909 742 2168 810 partibus
2196 745 2254 796 et
2279 743 2620 808 retinuisset,
2659 761 2799 812 quae

572 818 714 873 alibi
748 815 1129 879 mutabantur,
1170 816 1229 868 et
1262 816 1535 867 mutasset
1572 813 1683 867 alia
1716 830 1898 883 pauca
1933 831 2039 883 pro
2076 831 2176 868 sua
2206 814 2385 882 ipsius
2410 817 2628 879 natura,
2664 816 2801 872 levi-

573 888 764 944 oribus
801 885 1146 949 dissensisse,
1185 886 1270 939 ita
1305 883 1477 939 etiam
1514 902 1606 939 ars
1630 883 1928 939 Scotorum
1952 884 2118 939 initio
2144 885 2343 940 eadem
2368 884 2538 940 fuisse
2561 886 2799 952 videtur,

577 977 745 1029 quam
792 958 938 1012 aliae
986 972 1208 1026 quoque
1255 958 1455 1025 gentes
1492 974 1526 1010 a
1563 955 1836 1010 Romanis
1876 956 2215 1011 didicerunt.
2290 955 2405 1011 Sed
2444 974 2570 1011 cum
2605 963 2806 1027 postea

574 1029 980 1085 consuetudine
1027 1027 1350 1082 intermissa
1386 1027 1657 1096 exemplis
1696 1030 1755 1080 et
1790 1027 2076 1096 magistris
2114 1031 2397 1092 carerent,
2437 1029 2559 1097 ‚filis
2597 1030 2710 1083 suis
2749 1034 2810 1085 et

573 1102 686 1172 ipsi
712 1101 870 1156 Scoti
910 1104 970 1155 et
1004 1100 1256 1168 ipsorum
1294 1097 1553 1167 picturae
1590 1097 2043 1154 involvebantur.
2109 1098 2216 1153 Oui
2238 1100 2325 1153 rei
2350 1099 2675 1155 testimonio
2700 1106 2803 1167 est,

574 1172 726 1243 quod
751 1171 1141 1227 Hibernorum
1164 1170 1395 1225 tabulae
1420 1170 1683 1234 minores,
1724 1187 1835 1239 quo
1861 1170 2209 1240 antiquiores
2236 1175 2384 1235 sunt,
2421 1188 2488 1226 eo
2509 1170 2805 1229 similiores

571 1246 660 1310 iis,
701 1244 798 1313 qui
833 1243 895 1297 in
932 1242 1057 1297 aliis
1082 1240 1535 1296 Occidentalium
1574 1240 1863 1296 codicibus
1888 1241 2266 1306 inveniuntur,
2308 1259 2419 1310 quo
2444 1243 2806 1309 recentiores,

572 1334 638 1374 eo
674 1315 854 1384 magis
880 1315 1205 1382 discrepant
1229 1329 1357 1367 cum
1381 1313 1525 1369 aliis.
1591 1311 1737 1367 Nam
1761 1313 2156 1379 vetustissima,
2195 1329 2339 1383 quae
2366 1317 2568 1380 exstat,
2608 1316 2810 1370 tubula

570 1388 743 1458 picta,
785 1387 985 1441 beatae
1008 1383 1226 1440 Mariae
1263 1383 1501 1453 virginis
1529 1384 1831 1456 imaginem
1855 1385 2134 1453 praebens
2160 1385 2245 1454 (in
2270 1383 2356 1440 the
2376 1383 2530 1441 Book
2553 1384 2620 1453 of
2634 1387 2806 1451 Kella,

571 1477 717 1516 saec.
759 1456 879 1511 VH
918 1488 986 1496 —
1023 1456 1310 1509 delineata
1354 1454 1414 1507 in
1466 1455 1576 1510 The
1618 1454 2088 1525 palaeoqraphical
2129 1455 2327 1525 society
2370 1457 2451 1511 ed.
2490 1454 2654 1512 Bond
2694 1458 2812 1513 and

576 1532 745 1590 ssom
919 1527 1056 1584 1873
1095 1544 1214 1609 sqq.
1254 1526 1301 1590 I,
1349 1525 1464 1584 tab.
1502 1527 1602 1593 575
1656 1530 1715 1581 et
1749 1527 1906 1581 varie
1942 1526 2100 1596 picta
2134 1527 2195 1581 in
2244 1525 2561 1594 Westwood‚
2610 1529 2807 1584 Palae-

666 1619 737 1671 ap
785 1600 798 1612 ⁸
877 1615 1041 1654 sacra
1077 1597 1321 1667 pwtoria
1369 1597 1525 1663 1845,
1575 1597 1690 1652 tab.
1732 1596 1824 1665 16)
1872 1598 2046 1652 etiam
2091 1598 2373 1667 quandam
2421 1615 2551 1654 cum
2599 1599 2809 1654 tabulis

569 1620 845 1730 gnomis
880 1669 1309 1725 similitudinem
1345 1669 1535 1735 habet,
1576 1669 1921 1724 recentiores
1957 1673 2146 1724 autem
2181 1674 2247 1724 ut
2273 1668 2669 1738 sangallenses
2695 1672 2806 1741 (di-

571 1747 840 1813 vulgatae
898 1746 958 1797 et
1019 1741 1338 1795 delineatae
1403 1758 1438 1794 a
1486 1741 1725 1795 Kellero
1771 1740 1808 1794 1.
1858 1741 1934 1807 0.)
1991 1744 2051 1794 et
2106 1758 2208 1796 eae
2310 1757 2414 1795 uae
2472 1745 2702 1796 exstant
2747 1742 2810 1797 in

565 1814 886 1887 junioribus
935 1811 1224 1867 codicibus
1263 1811 1591 1866 Hibernicis
1638 1818 1704 1866 ut
1751 1812 1810 1866 in
1859 1812 1944 1867 tho
1983 1812 2205 1881 Gospels
2240 1759 2307 1880 o?
2335 1812 2419 1867 St.
2460 1812 2612 1867 ehad
2648 1815 2809 1883 (circ.

570 1887 695 1943 700.
733 1884 856 1940 Pal.
886 1884 1011 1939 Soc.
1038 1883 1154 1938 tab.
1183 1883 1279 1949 213
1307 1882 1639 1938 Westwood
1662 1883 1779 1939 tab.
1808 1882 1919 1952 12),
1960 1883 2046 1937 the
2072 1883 2294 1952 Gospels
2317 1882 2385 1951 of
2402 1882 2535 1939 Mac
2558 1885 2809 1940 Dwman

570 1963 744 2086 gneo.
785 1954 939 2010 VIII
976 1954 1306 2010 Westwood
1341 1954 1459 2009 tab.
1501 1955 1614 2023 13),
1657 1955 1743 2009 the
1778 1954 1999 2023 Gospels
2034 1954 2103 2023 of
2122 1954 2255 2011 Mac
2278 1954 2447 2024 Reqoz
2480 1955 2644 2024 (circ.
2683 1956 2806 2011 800.

621 2030 695 2085 al.
735 2027 863 2084 Soc.
902 2027 1018 2081 tab.
1059 2028 1151 2094 913
1187 2024 1519 2081 Westwood
1554 2025 1671 2081 tab.
1710 2026 1807 2093 44)
1844 2028 2039 2080 tantae
2077 2029 2209 2080 sunt
2243 2026 2400 2080 laudi
2436 2026 2806 2096 calligraphO,

570 2106 635 2156 ut
678 2100 763 2156 nil
805 2099 917 2154 nisi
961 2098 1309 2167 vituperatio
1354 2097 1557 2152 relicta
1602 2098 1677 2151 sit
1722 2096 1955 2166 pictori,
2004 2113 2187 2166 neque
2234 2097 2309 2151 sit
2352 2098 2472 2152 ulla
2517 2115 2644 2154 cum
2681 2098 2810 2153 aliis

570 2172 809 2241 picturis
844 2170 961 2224 illis
998 2169 1327 2224 similitudo.

716 2242 945 2297 Similes
997 2240 1173 2324 igitur
1222 2243 1353 2294 sunt
1402 2240 1463 2294 in
1511 2240 1754 2295 ecclesia
1806 2243 1865 2293 et
1899 2239 1959 2292 in
2006 2244 2130 2294 arte
2169 2239 2468 2294 Scotorum
2504 2239 2803 2294 varietates

571 2318 907 2384 temporum,
948 2329 1087 2381 quin
1124 2312 1296 2365 etiam
1334 2327 1514 2380 paene
1552 2311 1803 2364 eaedem.
1868 2310 2016 2364 Nam
2052 2311 2198 2365 sicut
2222 2310 2283 2364 in
2308 2309 2800 2377 Nordauhymbria

572 2384 815 2441 ecclesia
841 2382 1141 2439 Scotorum
1166 2381 1481 2437 Romanam
1506 2380 1925 2437 necessitudine
1950 2382 2161 2454 attigit,
2204 2383 2284 2436 ita
2309 2382 2370 2436 in
2396 2382 2594 2438 eadem
2619 2380 2805 2436 Nord-

567 2454 902 2525 anhymbria
924 2452 1243 2508 Romanum
1280 2452 1555 2524 pingendi
1590 2469 1769 2522 genus
1807 2471 1934 2508 cum
1961 2452 2190 2508 Scotico
2218 2456 2305 2508 est
2329 2454 2639 2518 confusum,
2676 2471 2808 2508 nam

566 2528 738 2592 liber,
787 2526 884 2596 qui
933 2525 1143 2579 dicitur
1181 2523 1521 2578 Cuthberthi
1570 2524 1664 2578 vel
1703 2523 1789 2578 the
1828 2524 2050 2594 Gospels
2084 2523 2153 2592 of
2183 2524 2547 2593 Dimdisfame
2581 2526 2804 2580 litteras

567 2599 811 2670 grandes
849 2595 1088 2665 praebet
1124 2594 1425 2660 Scotorum
1463 2595 1748 2649 scribendi
1785 2596 2007 2652 ratione
2044 2596 2253 2665 pictas,
2305 2597 2578 2666 imagines
2618 2600 2806 2651 autem

567 2668 1069 2752 evangelistarum,
1127 2682 1273 2735 quae
1320 2665 1589 2730 doceant,
1647 2665 1885 2720 librario
1937 2683 2067 2721 cum
2117 2666 2388 2722 Romanis
2437 2667 2611 2721 fuisse
2656 2684 2807 2722 com-

569 2736 1979 2880 mercfiznbdgssgfftdssti&Ribzrmygggtffiggdlridagt
2001 2738 2204 2863 ἔξω
2229 2809 2476 2864 fructum
2499 2810 2806 2877 capiamus.

564 2882 913 2938 Floruerunt
957 2880 1114 2936 Scoti
1165 2884 1288 2935 arte
1335 2898 1435 2934 sua
1481 2882 1714 2948 praeter
1762 2879 1968 2935 multas
2014 2881 2154 2935 alias
2201 2880 2427 2951 gentes,
2481 2897 2628 2949 quae
2665 2881 2803 2935 artis

561 2971 791 3025 prorsus
816 2952 986 3007 rudes
1012 2956 1192 3018 erant,
1220 2952 1535 3007 floruerunt
1561 2952 1736 3005 etiam
1758 2951 1910 3006 bona
1929 2952 2204 3006 ecclesiae
2225 2951 2557 3006 condicione
2575 2956 2803 3021 praeter

565 3030 788 3081 ceteros
826 3040 932 3093 per
966 3024 1201 3094 longum
1235 3028 1475 3091 tempus.
1552 3020 1932 3076 Nihilosecius
1969 3027 2236 3092 utraque,
2275 3028 2335 3076 et
2371 3039 2460 3077 ars
2499 3022 2802 3078 Scotorum

566 3100 625 3150 et
662 3095 921 3159 ecclesia,
961 3094 1046 3147 nil
1082 3094 1194 3148 uisi
1230 3093 1405 3147 medii
1443 3095 1571 3148 aevi
1608 3098 1870 3162 tempora
1903 3094 2142 3148 redolet.
2208 3092 2374 3162 Quod
2399 3094 2447 3147 si
2470 3110 2802 3165 negaremus

566 3167 638 3221 de
673 3165 934 3230 ecclesia,
973 3164 1236 3218 similiter
1273 3180 1587 3218 erraremus
1624 3170 1795 3234 atque
1831 3165 1902 3220 de
1940 3168 2064 3219 arte
2102 3165 2315 3219 erravit
2342 3163 2613 3221 Giraldus
2640 3164 2801 3220 Cam·

564 3236 783 3292 brensis
813 3237 882 3306 (†
907 3252 989 3290 ca.
1018 3235 1203 3318 1200),
1233 3252 1361 3288 cum
1387 3235 1458 3289 de
1490 3236 1663 3303 pictis
1689 3236 1900 3290 codicis
1927 3237 2221 3305 cujusdam
2246 3235 2545 3289 Hibernici
2571 3234 2801 3292 tabulis:

564 3307 720 3364 Haec
737 3306 994 3376 equidem,
1015 3306 1201 3376 inquit
1220 3302 1647 3377 (Topographia
1664 3305 1997 3363 Hibernica.
2037 3306 2362 3362 Frankfurt.
2392 3306 2548 3362 1608.
2575 3325 2629 3377 p.
2651 3306 2799 3375 730),

562 3382 765 3449 quanto
803 3377 1148 3448 frequentius
1194 3380 1246 3432 et
1292 3376 1606 3448 diligentius
1656 3376 1872 3432 intueor
1913 3394 2120 3447 semper
2165 3377 2324 3446 quasi
2368 3377 2523 3432 novis
2559 3378 2802 3446 obstupeo

561 3466 867 3519 smperque
919 3448 1096 3519 magis
1144 3451 1304 3517 atque
1352 3448 1530 3518 magis
1579 3447 1909 3504 admiranda
1952 3448 2241 3517 conspicio,
2297 3464 2395 3503 nec
2436 3449 2647 3517 Apelles
2688 3448 2801 3517 ipse

559 3521 615 3602 εξ
671 3521 802 3646 ιἸιίιι
825 3519 1033 3589 efficoee
1078 3522 1287 3590 posset,
1343 3523 1396 3574 et
1446 3536 1619 3574 manu
1670 3536 1780 3575 non
1826 3519 2049 3576 mortali
2095 3518 2407 3586 efformatae
2452 3535 2519 3582 ac
2566 3518 2801 3588 depictae

559 3592 777 3647 mderen
800 3608 886 3646 ur.
