3134 5034
1184 302 1618 361 ..87-

281 477 467 536 etiam
512 478 706 537 minus
755 478 1170 553 cohaerebant,
1217 498 1396 555 quam
1440 479 1570 558 ipse
1610 479 1842 540 Eddius
1889 482 2134 544 censuit.
2194 482 2347 543 Nam
2396 502 2529 542 cum

280 565 526 625 Oeadda
581 567 1022 626 consecrandus
1081 568 1146 627 in
1207 567 1484 630 Cantiam
1543 569 1758 630 missus
1827 569 1909 629 sit
1922 613 1937 643 ,
2012 575 2266 648 apparet
2335 590 2526 647 neque

279 654 505 714 Osviuo
567 655 697 732 regi
758 675 949 732 neque
1020 655 1094 716 iis
1110 699 1127 730 ,
1197 676 1449 732 quorum
1521 657 1768 718 consilio
1827 659 2135 732 utebatur,
2208 659 2271 717 in
2329 659 2526 719 animo

280 743 482 816 fuisse,
529 750 599 803 ut
642 743 1066 817 rescinderent,
1115 765 1267 821 quae
1311 746 1374 804 in
1421 744 1647 822 synodo
1695 747 2023 807 constituta
2053 752 2241 806 erant.
2318 748 2527 825 Neque

278 852 416 890 cum
448 831 762 891 Wilfridus
808 832 1037 892 tamdiu
1081 833 1144 896 in
1178 832 1381 893 Gallia
1426 835 1819 907 moratusfsit,
1851 835 2186 898 mirandum
2217 840 2322 909 est,
2368 836 2527 912 quod

281 921 467 979 alium
514 921 827 998 eligerunt.
918 919 1213 981 Attamen
1259 942 1379 981 non
1425 942 1580 1000 nego
1626 923 1949 983 verisimile
2009 944 2135 983 esse
2182 924 2526 983 Wilfridum

277 1029 404 1068 non
468 1010 739 1068 omnibus
799 1010 1312 1112 Nordanhymbris
1380 1011 1710 1089 gratiosum
1778 1012 1976 1071 fuisse.
2077 1011 2181 1070 An
2246 1013 2527 1073 credibile

278 1103 376 1158 est
424 1118 574 1171 eum,
635 1098 740 1174 qui
786 1105 947 1157 certo
994 1099 1169 1158 nimis
1216 1099 1509 1177 flagrante
1555 1099 1885 1179 cupiditate
1928 1100 2217 1160 Romanis
2263 1107 2527 1178 cuperet,

280 1186 391 1263 qui
436 1186 565 1264 ipse
610 1186 972 1264 gloriaretur
1015 1188 1077 1246 in
1124 1207 1211 1260 ec,
1261 1188 1419 1265 quod
1452 1186 1695 1267 primus
1743 1197 1888 1267 post
1932 1187 2153 1248 obitum
2189 1187 2531 1271 primorum

269 1293 591 1356 procerum
637 1295 677 1333 a
707 1272 862 1335 Seto.
898 1270 1186 1377 Greyorio
1217 1275 1573 1337 directorum
1601 1276 1931 1348 curamsset,
1975 1285 2039 1336 ut
2069 1271 2328 1337 Scoticae
2370 1276 2523 1337 viru-

279 1359 436 1422 lenta
465 1360 855 1443 plantationis
894 1362 1164 1445 yermina
1208 1363 1595 1439 eradicaret„
1629 1374 1727 1425 ,ει
1768 1364 1949 1425 vitam
1991 1363 2413 1426 monachorum
2440 1384 2524 1425 se-

278 1451 545 1511 eundum
588 1450 852 1532 requiam
911 1450 1038 1513 Sca·
1082 1452 1281 1534 patris
1335 1451 1671 1525 Benedicti,
1732 1473 1913 1534 quam
1970 1450 2165 1513 nullus
2210 1452 2392 1534 prior
2446 1452 2531 1513 ibi

279 1538 602 1611 invexisset,
650 1540 1008 1602 constitueret
1053 1541 1286 1620 (Steph.
1332 1541 1489 1601 Edd.
1532 1542 1772 1615 XLIV,
1816 1564 1875 1620 p.
1926 1543 2080 1619 705)
2111 1577 2200 1587 -
2245 1542 2526 1602 credibile

282 1635 393 1703 est,
457 1630 727 1706 inquam,
790 1650 922 1688 eum
981 1632 1092 1690 hac
1149 1631 1281 1708 ipsa
1340 1630 1666 1708 asperitate
1725 1631 2198 1690 benevolentiam
2263 1631 2379 1691 sibi
2425 1630 2526 1690 ad-

271 1719 547 1794 junxisse
578 1738 798 1791 eorum,
846 1719 950 1795 qui
981 1719 1096 1779 etsi
1118 1719 1375 1780 libenter
1404 1737 1537 1778 cum
1566 1719 1855 1778 Romanis
1896 1720 2218 1778 amicitiam
2249 1720 2526 1793 inierant,

280 1806 687 1882 gratissimam
735 1814 932 1866 tamen
982 1806 1310 1881 Scotorum,
1358 1807 1575 1884 quibus
1605 1806 1906 1884 magistris
1950 1809 2045 1867 usi
2076 1815 2263 1881 erant,
2310 1828 2525 1867 memo·

278 1895 434 1954 riam
479 1895 692 1954 merito
738 1896 1065 1955 retinerent
1079 1896 1108 1954 P

459 1983 855 2043 Nihilosecius
888 1983 1203 2045 wilfridus
1236 2004 1390 2043 anno
1426 1986 1574 2056 669,
1605 1989 1923 2061 postquam
1956 1983 2304 2043 Theodorus
2334 1984 2525 2043 archi-

279 2072 600 2150 episcopus
646 2078 837 2132 totam
867 2072 1244 2132 Britanniam
1274 2071 1811 2149 recognoscendam
1844 2072 2190 2132 circumiens
2224 2071 2524 2131 Ceaddam

275 2160 344 2219 in
403 2159 602 2219 sedem
662 2160 1158 2220 Licidfeldensem
1219 2161 1557 2234 transtulit,
1619 2160 2014 2219 Eboracensis
2074 2160 2230 2219 sedis
2288 2161 2526 2238 praesul

280 2251 479 2307 factus
526 2255 617 2308 est
662 2250 760 2325 (cf.
806 2249 1056 2326 Bright,
1117 2272 1175 2328 p.
1233 2252 1358 2308 226
1407 2252 1565 2326 sqq.)
1613 2249 1717 2308 sed
1777 2268 1934 2308 anno
1984 2250 2111 2307 678
2158 2248 2376 2308 iterum
2428 2269 2527 2306 ex·

275 2338 487 2415 pulsus
534 2343 625 2397 est
670 2345 734 2397 et
777 2338 1060 2398 dioecesis
1108 2341 1235 2415 ejus
1287 2339 1479 2399 divisa
1524 2338 1588 2396 in
1637 2343 1893 2415 quatuor
1944 2345 2150 2414 partes
2197 2338 2523 2413 (Hexham-

277 2424 650 2498 Lindisfarn,
682 2426 1036 2500 Eboracum,
1062 2425 1522 2503 Sidnaceaster),
1558 2427 1773 2503 quibus
1803 2431 1926 2485 tres
1959 2426 2224 2526 episcopi
2254 2426 2413 2502 iique
2440 2460 2524 2470 —-

277 2513 432 2591 quid
463 2513 719 2572 mirum?
741 2550 815 2558 —
835 2514 1133 2592 quondam
1163 2515 1422 2577 eruditi
1406 2536 1470 2573 ιιι
1493 2515 1867 2574 monasteriis
1890 2534 1925 2572 a
1950 2514 2183 2574 Scotis
2166 2534 2230 2572 ιιι
2252 2514 2310 2574 N
2311 2514 2523 2572 ordan·

277 2602 560 2680 hymbria
606 2604 961 2663 constructis
1006 2604 1338 2684 praepositi
1391 2610 1547 2664 sunt.
1639 2602 1956 2662 Wilfridus
2014 2609 2213 2662 autem
2260 2601 2376 2674 etsi
2420 2600 2524 2660 ad-

270 2694 445 2767 jutus
492 2697 584 2750 est
630 2711 666 2749 a
708 2712 883 2769 papa,
916 2692 993 2751 ad
1024 2713 1200 2769 quem
1231 2692 1543 2771 appellans
1574 2693 1939 2769 confugerat,
1969 2698 2168 2750 tamen
2200 2691 2525 2770 impetrare

277 2800 398 2838 non
445 2780 677 2857 potuit,
743 2789 812 2839 ut
871 2780 1069 2840 sedem
1113 2788 1508 2858 recuperaret.
1600 2780 1876 2856 Denique
1921 2800 2078 2838 anno
2127 2779 2252 2838 686
2302 2778 2523 2838 auxilio

282 2867 616 2941 Theodori,
678 2888 930 2943 quocum
974 2869 1039 2927 in
1084 2869 1341 2945 gratiam
1384 2867 1676 2940 redierat,
1722 2867 2114 2926 Eboracensis
2158 2867 2319 2925 illius
2365 2867 2524 2925 dioe-

275 2976 479 3015 ceseos
541 2956 867 3035 partitione
929 2957 1193 3017 minutae
1252 2957 1563 3035 episcopus
1619 2957 1812 3016 factus
1859 2961 1976 3028 est,
2039 2954 2145 3015 sed
2190 2975 2345 3014 anno
2395 2955 2517 3012 691

274 3045 525 3105 tertium
558 3046 840 3123 expulsus
886 3064 1041 3104 anno
1073 3046 1309 3104 demum
1343 3044 1471 3103 705
1504 3044 1725 3103 auxilio
1754 3064 1944 3122 papae
1976 3045 2192 3103 iterum
2237 3063 2301 3103 se
2340 3043 2524 3112 inter-

276 3132 562 3213 ponentis
606 3133 922 3205 restitutus
969 3141 1061 3195 est
1106 3134 1169 3192 in
1216 3134 1413 3194 sedem
1468 3153 1636 3192 suam
1690 3133 1864 3209 eique
1919 3149 2106 3210 usque
2153 3132 2231 3192 ad
2276 3138 2526 3192 mortem

275 3223 465 3298 (709)
513 3220 838 3299 praeerat.¹

460 3309 597 3369 Hae
642 3315 782 3370 sunt
825 3310 1092 3370 Wilfridi
1154 3313 1384 3371 turbae.
1475 3309 1781 3383 Quaenam
1842 3315 2017 3368 erant
2078 3308 2327 3368 causae?
2404 3308 2521 3367 Re-

275 3398 512 3459 vixitne
560 3399 965 3459 controversia
1008 3400 1305 3478 paschalis
1351 3400 1413 3457 in
1459 3398 1725 3457 wilfridi
1786 3397 2078 3458 historia?
2148 3402 2216 3456 ut
2278 3396 2389 3455 hac
2448 3396 2522 3454 de

276 3506 461 3547 causa
506 3486 695 3545 Hilda
742 3488 1073 3561 abbatissa,
1136 3507 1288 3565 quae
1346 3488 1411 3546 in
1456 3487 1682 3563 synodo
1729 3506 1765 3545 a
1812 3485 2008 3545 Scotis
2053 3490 2326 3557 steterat,
2384 3505 2519 3543 con-

275 3576 612 3653 spiceretur
655 3575 815 3635 inter
859 3595 977 3649 eos,
1024 3576 1129 3652 qui
1172 3576 1401 3635 Romae
1432 3575 1778 3634 Wilfridum
1825 3578 2265 3633 accusaverunt.
2328 3573 2521 3633 Vehe-

277 3670 517 3723 menter
563 3669 848 3737 errarent,
896 3664 999 3741 qui
1028 3665 1141 3723 hoc
1169 3671 1470 3742 putarent.
1530 3665 1683 3725 Nam
1731 3683 1849 3721 una
1888 3682 2021 3721 cum
2052 3662 2238 3721 Hilda
2267 3663 2525 3741 primum

464 3820 486 3851 ¹
526 3818 818 3872 Ebrardus
859 3817 906 3870 si
942 3816 1216 3886 Stephani
1242 3816 1417 3872 Eddii
1455 3816 1631 3871 vitam
1666 3817 1924 3888 legisset,
1965 3833 2149 3886 neque
2188 3816 2526 3870 affirmasset

279 3889 618 3945 Wilfridum
644 3905 790 3942 anno
812 3887 916 3942 696
948 3891 1233 3941 mortuum
1263 3905 1383 3942 esse
1413 3905 1596 3956 neque
1618 3889 1730 3941 alia
1748 3888 1927 3941 multa
1947 3888 2278 3956 protulisset
2298 3889 2377 3955 (p.
2407 3887 2520 3957 61),

282 3976 429 4028 quae
467 3960 741 4013 historiae
779 3975 1007 4025 prorsus
1054 3963 1391 4027 repugnant.
1469 3958 1584 4012 Sed
1633 3959 1830 4012 dubito
1880 3975 2066 4012 annon
2112 3958 2345 4026 legerit,
2393 3973 2525 4011 nam

278 4047 453 4083 unam
493 4032 672 4083 solam
709 4029 902 4082 inveni
938 4028 1114 4082 Eddii
1161 4029 1507 4111 mentionem
1545 4031 1627 4097 (p.
1669 4029 1799 4096 377)
1840 4045 2075 4098 eamque
2125 4029 2326 4093 talem,
2378 4045 2522 4097 quae

280 4099 543 4154 Ebrardo
580 4100 784 4154 honori
820 4116 933 4152 non
969 4100 1057 4152 sit.
1110 4098 1345 4153 Frustra
1383 4099 1534 4153 enim
1558 4099 1747 4155 Eddio
1773 4099 1945 4154 fidem
1983 4099 2255 4171 abrogare
2293 4103 2523 4154 conatus

283 4175 373 4225 est
412 4169 698 4225 affirmans
735 4169 1051 4223 Ebroinum
1087 4170 1362 4252 majorem
1405 4170 1605 4224 domus
1643 4173 1927 4224 mortuum
1967 4187 2088 4225 esse
2127 4170 2357 4237 „paullo
2395 4173 2525 4236 post

280 4241 444 4295 673‘2
499 4239 667 4310 Quod
703 4241 855 4294 unde
891 4240 1148 4293 hauserit
1185 4240 1393 4304 nescio,
1433 4258 1566 4293 nam
1605 4239 1922 4294 Ebroinum
1960 4258 2104 4295 anno
2141 4241 2242 4296 681
2283 4244 2527 4293 mortem

283 4312 494 4366 obiisse
552 4314 774 4366 constat
841 4310 914 4365 cf.
956 4310 1226 4375 Bonnell,
1287 4280 1559 4379 An’ffinge
1617 4310 1717 4364 des
1783 4311 2244 4381 karolingischen
2302 4309 2526 4364 Hauses

278 4399 336 4451 p.
378 4384 483 4438 123
521 4400 603 4451 sq.
