3134 5034
1427 313 1812 379 ...4-

499 500 638 584 91118
655 550 669 578 ,
732 521 883 581 91186
944 502 1202 581 profert,
1265 501 1501 559 aliunde
1557 502 1683 575 jam
1745 498 2046 558 audieram
2108 497 2328 574 partim
2375 497 2515 575 quia
2563 496 2741 556 alium

495 601 676 671 atque
722 599 990 652 nostrum
1037 592 1299 652 Varinus
1359 590 1477 649 sibi
1538 590 1850 666 proposuit
1908 588 2103 646 finem.
2197 586 2353 646 Tota
2413 587 2567 646 enim
2614 590 2742 663 ejus

496 675 911 742 commentatio
959 683 1148 741 altera
1194 700 1263 739 6ο
1312 686 1572 757 spectat,
1620 684 1689 738 ut
1735 677 2219 738 Centuriatorum
2264 677 2739 753 Magdeburgen-

495 773 646 832 sium
678 771 1030 830 sententiam
1065 771 1285 828 refutet
1317 789 1449 827 cum
1480 768 1839 840 examinans,
1888 787 2029 825 num
2069 770 2203 841 jure
2249 766 2341 824 his
2388 786 2490 825 sex
2535 767 2741 824 rebus:

500 864 562 937 1)
607 867 892 919 tonsurae
968 860 1160 917 forma
1251 860 1317 934 2)
1362 857 1609 934 liturgia
1682 857 1895 916 missae
1989 857 2054 932 3)
2103 855 2237 914 odio
2312 856 2374 913 in
2438 855 2743 913 Romanos

497 951 563 1027 4)
611 948 958 1026 baptizandi
1018 969 1180 1006 more
1245 947 1309 1024 5)
1356 948 1495 1006 festi
1553 947 1849 1024 paschalis
1907 944 2346 1023 computatione
2425 945 2492 1020 6)
2538 943 2742 1002 matri·

490 1039 692 1097 monio
741 1038 1085 1096 clericorum
1139 1071 1212 1080 —-
1263 1036 1572 1096 ecclesiam
1618 1036 1937 1095 Britonum
1985 1034 2275 1094 diversam
2337 1033 2518 1091 fuisse
2564 1054 2600 1090 a
2649 1053 2741 1091 ca·

494 1128 716 1186 thelica
762 1127 1133 1199 censuerint„
1194 1131 1323 1184 tum
1369 1126 1586 1184 docens
1632 1125 1857 1183 nullam
1903 1144 2165 1200 unquam
2211 1121 2563 1180 Britonibus
2611 1141 2741 1179 cum

495 1216 644 1276 Asia
689 1216 869 1275 fuisse
915 1215 1426 1275 necessitudinem.
1450 1213 1476 1250 1
1527 1248 1606 1258 -
1658 1213 1776 1272 Sed
1822 1215 1939 1273 alio
1985 1215 2139 1285 loco,
2200 1212 2306 1270 ubi
2366 1231 2483 1270 non
2542 1230 2740 1288 spera-

494 1326 727 1378 veram,
791 1305 933 1364 novi
979 1304 1204 1380 aliquid
1249 1294 1481 1376 inveni,
1548 1303 1707 1379 quod
1771 1304 1847 1361 ad
1907 1301 2373 1380 cognoscendam
2429 1299 2743 1358 Scotorum

498 1395 777 1454 ecclesiae
823 1400 1100 1452 naturam
1146 1392 1388 1451 maximi
1433 1392 1720 1450 momenti
1764 1393 2001 1452 videtur
2047 1411 2204 1450 esse:
2252 1389 2412 1468 apud
2441 1389 2741 1447 Harttun-

494 1484 658 1560 gium
720 1477 1180 1562 (Diplomatisch
1198 1516 1217 1524 -
1236 1477 1566 1541 historisehe
1614 1476 2046 1561 Forschunqen.
2111 1481 2259 1538 1879
2320 1489 2379 1557 ΡΣ
2439 1478 2518 1536 21
2571 1479 2744 1554 699.).

496 1572 852 1648 Quanquam
902 1571 1057 1628 enim
1104 1591 1203 1643 ea,
1267 1591 1418 1647 91186
1478 1590 1668 1646 pauca
1728 1570 1800 1628 de
1847 1570 2165 1628 Britonum
2214 1568 2459 1626 ecclesia
2505 1566 2742 1625 aliunde

496 1660 749 1738 sumpsit
781 1695 868 1703 —
900 1660 1050 1735 proh
1082 1660 1249 1717 dolor
1280 1681 1352 1717 ex
1382 1658 1648 1717 Ebrardi
1680 1678 1913 1735 quoque
1958 1658 2143 1717 libro!
2181 1692 2256 1701 —
2292 1657 2494 1732 magni
2541 1655 2741 1714 existi-

494 1769 656 1809 mare
686 1768 805 1806 non
839 1768 1096 1826 possum,
1142 1754 1343 1806 tamen
1376 1748 1507 1806 aliis
1536 1749 1712 1823 hujus
1757 1748 1898 1807 libri
1943 1746 2216 1824 partibus
2255 1746 2506 1809 multum
2539 1745 2743 1817 debe0,

495 1858 689 1914 neque
723 1837 994 1896 omittam
1040 1838 1267 1913 gratias
1313 1858 1489 1914 agere
1535 1837 1923 1914 Harttungio,
1972 1837 2074 1912 qui
2107 1835 2197 1913 (p.
2232 1836 2341 1913 22)
2375 1854 2592 1907 01111166,
2641 1834 2744 1910 9111

496 1928 569 1986 de
609 1926 929 1985 Britonum
978 1927 1224 1985 ecclesia
1272 1933 1508 1985 exstent
1553 1926 1711 1999 libri,
1760 1946 2102 1984 enumerare
2151 1930 2394 1983 601181116
2440 1923 2536 1983 611.
2630 1922 2741 1981 Oo-

494 2022 670 2075 natus
717 2022 837 2088 est,
886 2036 1023 2073 nam
1070 2016 1399 2093 complures
1447 2036 1583 2073 eum
1628 2018 1910 2092 fugeruut
1956 2015 2293 2092 scriptores.
2387 2012 2537 2071 Cum
2585 2011 2742 2070 enim

495 2106 692 2182 priore
740 2125 893 2163 anno
941 2105 1004 2162 in
1050 2106 1240 2163 11166111
1288 2104 1578 2182 prodierit
1637 2099 1921 2175 Warren,
1984 2099 2244 2185 saltur-99
2288 2101 2413 2161 and
2454 2097 2636 2160 ritual
2681 2097 2756 2181 of

495 2191 587 2252 the
635 2190 814 2253 Celtic
860 2189 1091 2252 elluo-elz.
1145 2190 1381 2274 Oatford
1429 2196 1601 2262 1881,
1671 2193 1913 2251 tandem
1959 2193 2277 2269 aliquando
2325 2191 2388 2249 in
2432 2191 2542 2249 hoc
2588 2190 2740 2248 libro

423 2354 428 2360 Ι
497 2283 794 2360 expletam
826 2302 893 2339 86
923 2284 1251 2360 perfectam
1285 2282 1573 2340 librorum
1613 2283 1881 2340 tabulam
1926 2282 2129 2342 inveni
2176 2301 2285 2339 nec
2330 2300 2447 2339 non
2496 2301 2567 2338 ex
2612 2280 2741 2356 ipso

496 2372 651 2429 libro
684 2372 941 2430 fructum
972 2371 1279 2448 percipere
1309 2370 1497 2448 potui.
1592 2368 1711 2429 Sed
1756 2370 1902 2428 mihi
1948 2391 2066 2429 11011
2113 2371 2379 2448 contigit,
2427 2375 2496 2427 ut
2542 2388 2743 2427 omnes

500 2460 684 2518 libros
733 2480 768 2517 a
799 2459 1114 2519 Warrenio
1161 2459 1451 2531 laudatOS,
1501 2479 1574 2516 ex
1620 2459 1835 2535 quibus
1879 2460 2220 2533 utilitatem,
2269 2478 2457 2518 seram
2506 2458 2743 2535 quidem

498 2549 680 2622 illam,
728 2554 1041 2625 capturum
1088 2569 1180 2606 me
1228 2568 1353 2606 esse
1401 2548 1729 2624 sperabam,
1777 2548 2154 2627 adipiscerer.
2247 2547 2463 2606 Toddii
2496 2542 2637 2629 Life
2682 2543 2756 2626 of

462 2716 466 2720 Δ
499 2632 672 2696 Saint
716 2632 959 2695 Patrick
1005 2632 1275 2712 (Dublin.
1311 2639 1504 2713 1864),
1550 2637 1768 2695 librum
1800 2637 1875 2696 ab
1908 2639 1988 2696 H.
2021 2638 2139 2696 and
2172 2637 2257 2696 81.
2305 2641 2366 2694 61
2407 2634 2741 2710 Loeningio

497 2727 720 2784 frustra
761 2724 907 2782 mihi
940 2725 1429 2795 commendatum,
1479 2725 1618 2802 quia
1662 2727 1757 2785 vel
1802 2726 1865 2783 in
1911 2727 2219 2786 ditissimis
2263 2724 2458 2803 gentis
2504 2729 2743 2781 nostrae

499 2813 875 2873 bibliothecis
906 2814 1089 2887 deest,
1140 2835 1270 2874 cum
1304 2814 1463 2893 apud
1494 2814 1875 2873 Warrenium
1909 2836 2141 2894 quoque
2187 2813 2543 2874 invenissem
2590 2832 2741 2871 sum-

501 2903 614 2961 mis
660 2902 936 2961 laudibus
983 2904 1221 2977 elatum,
1270 2925 1306 2962 a
1351 2903 1677 2980 bibliopola
1724 2905 1980 2980 quodam
2010 2903 2382 2963 Londinensi
2425 2901 2742 2980 postulavi,

499 2992 602 3051 sed
636 2991 831 3049 omnia
872 2992 1045 3067 hujus
1091 2992 1232 3051 libri
1278 2988 1640 3070 exemplaria
1684 2993 1928 3052 vendita
1974 3014 2099 3052 esse
2147 2991 2420 3070 comperi.
2513 2989 2630 3048 Sed
2672 2995 2744 3048 ut

500 3079 802 3152 omittam,
851 3079 1065 3155 quibus
1110 3082 1203 3139 uti
1250 3080 1393 3139 mihi
1440 3101 1556 3140 non
1603 3081 1852 3155 licebat,
1914 3101 2055 3140 usus
2102 3101 2231 3140 sum
2277 3084 2515 3158 praeter
2558 3079 2743 3136 libros

499 3189 678 3247 supra
726 3175 1213 3253 commemoratos
1258 3170 1320 3227 in
1366 3170 1727 3247 perficienda
1775 3172 1885 3229 hac
1929 3190 2060 3227 mea
2100 3168 2515 3228 dissertatione
2563 3165 2741 3223 etiam

497 3257 593 3315 his
638 3257 869 3315 duobus
913 3257 1115 3317 libris:
1177 3258 1375 3336 priore
1423 3257 1631 3317 Skenii
1691 3258 1844 3317 libro
1906 3256 2245 3316 doctissimo
2306 3261 2368 3313 et
2425 3253 2740 3326 uberrimo,

499 3346 604 3404 sed
648 3345 867 3403 fabulis
914 3366 1356 3424 nonnumquam
1405 3347 1580 3406 nimis
1627 3346 1844 3405 confiso
1892 3343 2135 3421 (Skene,
2202 3340 2394 3403 Celtic.
2444 3338 2740 3402 Scotland.

499 3430 870 3514 Edinburyh.
901 3432 1012 3494 vol.
1046 3438 1094 3496 1.
1132 3439 1298 3506 1876,
1329 3431 1545 3517 history
1577 3433 1699 3493 and
1730 3431 2063 3514 ethnoloyy5
2093 3430 2201 3493 vol.
2234 3434 2290 3491 2.
2326 3434 2493 3509 1877,
2529 3427 2743 3491 clzurch,

499 3523 622 3584 and
668 3519 886 3582 culture
900 3542 921 3593 ‚·
964 3521 1074 3584 vol.
1107 3526 1162 3583 3.
1198 3526 1365 3595 1880,
1412 3521 1558 3583 land
1588 3521 1711 3582 and
1728 3519 1968 3602 people)
2017 3523 2204 3580 altero
2252 3520 2517 3597 Brightii
2549 3516 2743 3598 Early

499 3608 716 3693 mylish,
746 3607 961 3670 olam-ok
989 3608 1209 3691 history
1241 3608 1523 3692 (Ooeford.
1558 3613 1752 3687 1878),
1798 3612 1861 3669 111
1895 3631 2010 3686 9110
2044 3610 2198 3669 libro
2246 3616 2453 3669 auctor
2497 3610 2742 3682 scholas,

500 3721 647 3778 quas
693 3700 768 3758 de
815 3699 1017 3759 Bedae
1062 3700 1313 3761 historia
1361 3699 1758 3758 ecclesiastica
1805 3720 2003 3759 coram
2044 3701 2364 3774 juvenibus
2409 3698 2744 3776 theologiae

500 3788 779 3849 studiosis
839 3788 1078 3863 habuit,
1141 3789 1229 3849 ita
1284 3788 1481 3861 auxit,
1543 3794 1613 3847 ut
1659 3788 2100 3847 adumbrandae
2145 3788 2463 3848 Britonum
2510 3793 2569 3845 et
2614 3787 2743 3846 An-

499 3880 730 3956 glorum
763 3876 1046 3938 historiae
1095 3877 1526 3937 ecclesiasticae
1574 3897 1692 3935 non
1738 3898 1953 3955 parvas
1997 3878 2291 3937 utilitates
2335 3877 2698 3955 praebuerit.

677 3964 850 4025 Alios
898 3965 1180 4043 denique,
1244 3966 1319 4024 ad
1366 3985 1513 4042 quos
1558 3966 1753 4025 rarius
1798 3968 2118 4044 provocavi
2178 3968 2362 4026 libros
2425 3971 2486 4024 et
2547 3965 2741 4023 omnia

498 4062 765 4117 veterum
826 4054 1182 4132 scriptorum
1242 4053 1582 4114 testimonia
1644 4055 1765 4115 suis
1825 4057 1970 4116 10616
2033 4056 2516 4115 commemorabO.
2603 4052 2741 4111 Hoc

498 4146 626 4204 1060
674 4143 760 4202 nil
806 4141 1102 4219 reliquum
1149 4148 1240 4203 est
1286 4143 1402 4203 nisi
1447 4149 1516 4202 ut
1559 4144 1705 4206 viris
1750 4144 1869 4205 illis
1916 4145 2298 4218 doctissimis,
2364 4144 2467 4220 qui
2529 4142 2740 4201 biblio·

681 4354 703 4386 ¹
742 4352 1030 4415 Summam
1067 4352 1357 4422 utriusque
1397 4354 1889 4409 commentationis
1927 4352 2180 4407 invenies
2230 4350 2380 4420 apud
2419 4349 2740 4405 Montalem·

499 4422 627 4489 bert,
668 4423 740 4478 les
777 4423 981 4478 moines
1018 4423 1323 4479 d'occident.
1364 4422 1483 4489 ΙΙΙ,
1524 4426 1827 4481 488—491.
