3134 5034
1172 308 1616 364 ...39—

276 483 441 546 citate
475 482 743 566 flatuque
776 502 1073 564 prospero
1116 503 1281 542 viare
1324 491 1590 542 nostrum
1635 481 1921 543 contendit
1965 490 2027 542 et
2070 486 2152 560 (p.
2184 484 2335 560 XV)
2381 485 2515 558 alia,

276 575 616 633 obscuriora
672 573 911 650 quidem
955 572 1085 645 illa,
1149 592 1326 649 quam
1381 578 1450 630 ut
1495 592 1833 631 asseverare
1888 573 2136 631 audeam
2182 573 2254 631 de
2300 572 2516 633 itinere

274 664 547 723 Romano
608 663 670 720 in
725 662 844 720 illis
897 660 1027 718 fieri
1088 660 1470 732 mentionem,
1532 660 1774 719 haecce:
1846 655 2043 721 Victor
2087 669 2211 719 erat
2255 658 2513 742 anqelus,

274 750 378 832 qui
419 748 751 810 Patricium
806 768 975 828 saepe
1026 747 1258 808 visitare
1301 745 1515 808 solebat
1558 757 1610 808 et
1672 744 1868 808 Victor
1910 745 2157 808 alterum
2202 747 2517 830 anquelum

275 839 358 899 ad
402 837 731 898 Patricium
763 834 1197 917 prohibendum
1239 857 1310 897 ne
1343 844 1552 916 perqet
1598 857 1711 918 quo
1744 856 1990 917 perqere
2036 836 2194 916 cupit
2238 837 2424 898 missit
2464 847 2516 899 et

275 926 428 988 divit
471 925 581 998 illi,
628 945 811 1008 quare
843 924 1228 1008 pmflciscevis
1258 924 1379 986 sine
1419 921 1664 985 Victoris
1694 923 1976 986 consilio.
2059 928 2203 1001 ‚.(cf
2234 948 2292 1004 p.
2317 926 2514 986 XVII

276 1013 588 1096 anquelicis
633 1012 946 1096 conloquiis
960 1011 1279 1096 fruebatur
1308 1022 1623 1094 antequam
1653 1014 1725 1074 de
1755 1012 1957 1074 Scotia
1985 1014 2069 1074 ad
2101 1011 2351 1074 Latinos
2369 1035 2512 1095 per-

270 1102 474 1185 qeret).
566 1105 775 1164 Nonne
821 1103 913 1162 his
961 1123 1193 1180 quoque
1241 1104 1437 1163 verbis
1484 1103 1688 1162 dedita
1734 1124 1915 1181 opera
1959 1103 2232 1164 Muirchu
2276 1104 2514 1164 videtur

276 1214 524 1270 negasse
554 1192 882 1252 Patricium
926 1193 1265 1270 pervenisse
1296 1192 1550 1250 Romam
1567 1192 1597 1249 ⁸?
1665 1192 1742 1251 Id
1789 1192 2027 1269 quidem
2057 1193 2346 1270 suspicari
2376 1194 2516 1252 licet

276 1281 647 1342 Muirchuum
705 1282 979 1359 episcopo
1027 1281 1298 1339 Romano
1343 1280 1503 1339 haud
1548 1281 1636 1340 ita
1682 1281 1831 1339 bene
1879 1281 2147 1358 cupiisse.
2224 1281 2513 1357 Alioquin

276 1390 351 1428 an
413 1370 743 1447 scripsisset
803 1370 874 1428 de
920 1369 1192 1428 Palladio
1253 1390 1288 1427 a
1334 1368 1669 1428 Goelestino
1734 1370 1936 1429 misso:
1989 1366 2291 1448 prohibuit
2343 1366 2517 1428 illum

275 1461 410 1536 [om.
442 1460 629 1537 deus],
670 1456 809 1539 quia
836 1477 1006 1518 nemo
1028 1466 1218 1539 potest
1245 1456 1504 1537 accipere
1532 1457 1843 1539 quicquam
1872 1457 1946 1519 de
1975 1466 2134 1517 terra
2162 1456 2280 1517 nisi
2306 1457 2515 1518 datum

270 1546 324 1607 ei
365 1545 557 1629 fuerit
616 1546 690 1607 de
749 1545 903 1606 coelo
951 1590 963 1603 .
999 1590 1012 1606 .
1045 1590 1059 1604 .
1093 1590 1105 1604 .
1151 1565 1412 1606 reversus
1467 1555 1547 1606 est
1601 1545 1685 1606 ad
1737 1565 1895 1618 eum,
1956 1545 2060 1627 qui
2109 1544 2293 1606 missit
2347 1543 2515 1605 illum

271 1636 552 1712 (Betham
582 1636 668 1705 Π,
702 1656 837 1714 app.
869 1657 927 1712 p.
958 1635 1065 1712 1)?
1127 1634 1416 1696 Attamen
1447 1635 1840 1694 fraudationis
1870 1637 2244 1695 Muirchuum
2277 1656 2512 1695 accuses

270 1725 471 1783 nolim.
558 1725 753 1783 Immo
816 1730 1019 1802 putem
1074 1727 1199 1799 jam
1260 1730 1401 1782 tunc
1447 1724 1627 1783 fuisse
1673 1725 2010 1796 nonnullos,
2073 1726 2176 1801 qui
2220 1725 2513 1801 fingerent

271 1814 602 1873 Patricium
650 1834 758 1891 pro
804 1813 1078 1872 Palladio
1125 1814 1221 1872 vel
1266 1818 1403 1890 post
1448 1813 1785 1871 Palladium
1832 1813 2026 1871 Roma
2072 1833 2144 1870 ex
2190 1814 2338 1871 urbe
2385 1834 2512 1873 esse

270 1903 531 1963 missum.
610 1903 840 1975 Quibus
887 1922 1017 1960 cum
1062 1901 1336 1960 Muirchu
1383 1902 1561 1960 vellet
1606 1902 1921 1974 obsistere,
1982 1922 2187 1960 averso
2234 1902 2430 1961 animo
2477 1924 2514 1960 a

275 1992 457 2051 variis
502 1991 621 2050 illis
669 1991 918 2063 casibus,
967 1991 1184 2066 quibus
1228 1990 1529 2049 Patricius
1576 1996 1897 2066 antequam
1945 2010 2017 2048 ex
2064 1988 2262 2048 Gallia
2307 1991 2371 2048 in
2399 1980 2514 2048 Hi-

272 2080 538 2138 berniam
600 2079 830 2138 veniret
882 2082 1146 2154 jactatus
1209 2084 1299 2137 est
1359 2097 1558 2136 omnes
1622 2079 2010 2155 cogitationes
2066 2078 2241 2137 nimis
2286 2079 2512 2138 fervide

274 2167 515 2228 videtur
559 2168 882 2228 intendisse
929 2168 1005 2226 ad
1050 2167 1391 2227 diluendam
1438 2168 1675 2225 1110111111
1722 2167 2075 2245 opinionem.

452 2257 570 2317 Sed
619 2275 855 2334 quoquo
903 2257 1077 2315 modo
1123 2277 1219 2315 res
1264 2276 1389 2315 sese
1435 2256 1619 2315 habet
1664 2276 1797 2314 cum
1827 2256 2123 2315 Muirchui
2152 2256 2512 2330 narratione,

273 2347 384 2404 1106
441 2367 549 2423 pro
607 2352 769 2404 certo
825 2365 1133 2422 possumus
1187 2344 1483 2404 affirmare
1537 2343 1759 2403 saeculi
1804 2345 2044 2423 septimi
2089 2347 2277 2405 altera
2320 2354 2513 2424 parte,

275 2455 405 2493 cum
467 2434 833 2494 Tirechanus
894 2435 1216 2506 scribebat,
1279 2433 1345 2491 in
1405 2434 1699 2492 Hibernia
1756 2434 1935 2493 fuisse
1994 2435 2346 2511 permultos,
2409 2436 2513 2512 qui
2630 2497 2637 2505 ,

273 2523 526 2582 Patricii
570 2523 786 2583 itinera
820 2542 939 2602 per
973 2517 1243 2582 Galliam
1286 2531 1456 2604 atque
1494 2519 1732 2581 Italiam
1759 2530 1940 2582 totam
1968 2522 2318 2583 firmissimis
2346 2524 2513 2583 testi·

274 2613 505 2684 111011116,
552 2612 739 2690 ipsius
785 2612 1036 2671 Patricii
1082 2612 1340 2689 scriptia,
1387 2613 1678 2671 haberent
1724 2613 2124 2689 comprobata.

452 2701 679 2760 Verum
726 2701 1020 2761 enimvero
1068 2701 1199 2778 ipsa
1245 2699 1349 2759 1116
1393 2700 1553 2759 dicta
1593 2699 1845 2759 Patricii
1889 2699 2029 2759 ficta
2075 2721 2201 2760 esse
2246 2707 2510 2778 possunt,

275 2790 452 2866 idque
496 2789 560 2848 in
593 2790 888 2849 Hibernia
934 2789 1323 2861 meridionali,
1373 2789 1597 2865 quippe
1629 2808 1780 2864 (11166
1811 2790 2005 2865 prima
2036 2790 2296 2847 omnium
2329 2789 2512 2848 totius

274 2878 603 2938 Hiberniae
660 2878 967 2954 regionum
1028 2897 1183 2936 anno
1232 2878 1359 2935 634
1407 2877 1749 2935 societatem
1804 2876 2007 2935 inierit
2053 2897 2183 2936 cum
2228 2878 2513 2936 Romanis

276 2967 417 3042 (vid.
450 2967 648 3043 infra).
727 2966 1133 3044 Suspicionem
1181 2964 1336 3031 enim
1384 2971 1599 3038 movet,
1648 2966 1807 3042 quod
1852 2967 2145 3041 permulta
2192 2971 2334 3024 tunc
2365 2973 2510 3025 tem·

275 3056 438 3133 poris
492 3054 630 3115 ficta
677 3061 815 3114 sunt
860 3055 1022 3114 dicta
1066 3054 1347 3126 Patricii,
1412 3074 1563 3131 quae
1608 3054 1775 3111 illum
1819 3054 2106 3113 Romanis
2152 3054 2368 3114 favisse
2414 3055 2510 3114 de·

276 3150 690 3203 monstrarent.
767 3144 864 3202 Ex
911 3144 1126 3220 quibus
1171 3144 1283 3202 hoc
1328 3163 1514 3201 unum
1544 3163 2002 3202 commemorare
2032 3144 2180 3202 satis
2211 3143 2306 3217 sit,
2357 3146 2515 3221 quod

276 3233 339 3291 in
373 3233 697 3292 canonibus
727 3233 1073 3291 Hibernicis
1102 3252 1294 3310 nuper
1323 3233 1580 3309 primum
1610 3232 1671 3289 in
1705 3233 1895 3291 lucem
1928 3232 2106 3291 editis
2137 3227 2282 3307 (Die
2311 3229 2515 3292 iri-§che
2599 3238 2606 3245 ’

280 3318 900 3401 Canonensammlunq.
961 3322 1256 3398 Herausg.
1285 3340 1404 3379 von
1435 3320 1973 3380 Wasserschleben.
2032 3319 2281 3380 Giessen
2318 3322 2514 3397 1874)

276 3430 432 3469 611110
479 3410 714 3470 circiter
762 3411 889 3468 700
938 3411 1286 3488 conscriptis
1333 3408 1877 3483 (Wasserschleben
1922 3430 1981 3486 p.
2029 3409 2138 3481 VI,
2193 3430 2253 3486 p.
2299 3409 2514 3482 XVII,

279 3500 315 3556 2
365 3505 426 3557 et
470 3498 715 3571 XVIII,
767 3500 829 3575 3)
877 3499 1177 3559 Patricius
1237 3518 1357 3557 non
1416 3499 1605 3569 solum
1665 3497 1885 3556 dicitur
1938 3497 2290 3571 decrevisse,
2350 3503 2420 3556 ut
2463 3496 2519 3558 si

276 3605 424 3667 quae
482 3585 834 3666 quaestiones
892 3585 956 3646 in
1012 3584 1122 3646 hac
1179 3583 1370 3646 insula
1416 3585 1710 3656 oriantur,
1772 3584 1854 3644 ad
1898 3584 2092 3646 sedem
2136 3583 2515 3665 apostolicam

276 3672 605 3754 referantur
649 3675 776 3749 (lib.
807 3674 956 3749 XX,
1007 3676 1043 3732 5
1078 3676 1461 3735 Wasserschl.
1493 3698 1551 3754 p.
1589 3677 1670 3734 73
1720 3676 1790 3732 cf.
1822 3695 2002 3753 supra
2048 3695 2199 3752 quae
2244 3696 2314 3734 ex
2362 3677 2514 3735 libro

276 3762 499 3839 Angeli
545 3763 926 3840 transscripsi
966 3774 1027 3840 ‘p.
1063 3764 1170 3841 35)
1219 3764 1320 3822 sed
1368 3764 1549 3822 etiam
1598 3763 1972 3823 constituisse
2016 3764 2252 3823 haecce:
2300 3763 2354 3824 si
2388 3763 2515 3846 quis

278 3849 546 3922 clemen-3,
608 3848 773 3931 cujus
834 3848 1034 3933 capilli
1087 3871 1203 3911 non
1263 3860 1395 3911 sum
1439 3851 1591 3912 tonsi
1633 3848 1911 3911 Romano
1956 3871 2145 3924 more,
2211 3849 2374 3912 debet
2416 3872 2511 3913 ex-

279 3938 701 4000 communicari
761 3940 887 4015 (lib.
932 3939 1084 4013 LII,
1150 3943 1205 3998 7.
1274 3941 1662 4001 Wasserschl.
1719 3964 1777 4019 p.
1826 3942 1999 4019 242).
2090 3941 2330 4001 Fictum
2390 3962 2515 4000 6666

278 4030 530 4088 alterum
587 4029 735 4088 illud
782 4029 1004 4088 dictum
1051 4030 1417 4106 argumentis
1462 4029 1808 4088 confirmare
1852 4050 2002 4108 opus
2047 4051 2166 4088 non
2185 4074 2192 4080 .
2213 4036 2318 4088 est.
2396 4028 2515 4089 Sed

272 4121 447 4193 juvat
503 4138 956 4177 commemorare
1010 4118 1539 4179 luculentissimum
1585 4126 1819 4178 exstare
1867 4118 2294 4192 testimonium,
2359 4118 2516 4195 quod

280 4325 563 4381 affirmare
612 4326 872 4381 dissidiae
917 4326 1062 4379 illud
1110 4327 1353 4396 positum
1403 4344 1525 4381 esse
1573 4344 1678 4396 pro
1727 4327 1901 4382 verbo
1948 4327 2167 4383 dissidii
2203 4330 2262 4380 et
2298 4325 2517 4383 dissidii

280 4396 560 4452 dominum
596 4396 811 4451 dictum
849 4413 970 4452 esse
1010 4398 1339 4468 episcopum
1377 4398 1711 4453 Romanum.
