3134 5034
1522 311 1955 371 ...34-

790 493 958 566 Quae
1007 503 1140 550 cum
1184 490 1272 549 ita
1318 495 1543 561 essent,
1603 486 1733 547 fieri
1778 508 1897 548 non
1953 488 2177 567 potuit,
2238 487 2385 565 quin
2443 486 2680 564 saepius
2741 505 2863 544 una

611 581 856 642 ecclesia
923 578 1356 640 necessitudine
1425 578 1758 656 attingeret
1823 577 2093 636 alteram.
2200 576 2378 649 Quod
2447 575 2865 635 commercium

612 670 786 748 quale
830 668 1031 741 fuerit,
1077 687 1430 745 cognoscere
1476 666 1721 726 maximi
1765 667 2048 725 momenti
2095 673 2187 725 est
2241 665 2318 724 ad
2357 664 2746 741 judicandum
2791 663 2868 721 de

611 758 892 819 ecclesiae
936 757 1252 816 Scotorum
1297 763 1534 818 natura.
1595 755 1751 815 Nam
1798 776 1930 814 cum
1962 755 2262 829 Britones,
2308 761 2379 814 ut
2422 773 2603 832 supra
2634 754 2719 831 (p.
2753 753 2865 825 27)

612 847 886 919 vidimus,
932 842 1269 926 reliqionem
1299 840 1639 925 Anylorum
1662 863 1781 923 pro
1809 839 1990 904 nihilo
2020 840 2292 905 haberent
2336 861 2515 923 neque
2557 840 2622 902 in
2665 837 2868 921 aliquo

613 934 685 995 iis
730 933 920 1015 maqis
967 932 1458 993 communicarent
1487 952 1669 1014 quam
1703 931 1963 1013 payanis
1993 932 2274 1008 (Bedah.
2304 954 2357 992 e.
2390 933 2449 1005 2,
2483 932 2586 1004 20,
2620 932 2656 1007 ξ
2696 930 2871 1004 147)

615 1023 782 1083 Scoti
822 1044 956 1082 cum
986 1022 1291 1095 Romanis,
1337 1021 1599 1080 Romani
1645 1042 1779 1080 cum
1809 1019 2005 1082 Scotis
2051 1022 2377 1082 utebantur
2422 1018 2872 1090 consuetudine,

616 1132 737 1172 non
781 1118 948 1171 arcta
994 1111 1234 1188 quidem
1279 1111 1407 1184 illa,
1456 1111 1562 1170 sed
1607 1111 1747 1184 tali,
1796 1130 1949 1187 quae
1994 1110 2459 1172 luculentissime
2506 1108 2871 1186 comprobet,

617 1202 811 1260 nullas
868 1200 1214 1260 inimicitias
1272 1199 1448 1259 initio
1508 1199 1691 1258 fuisse
1748 1199 1908 1258 inter
1966 1197 2280 1260 Scotorum
2343 1205 2407 1258 et
2463 1198 2874 1258 Romanorum

616 1290 909 1350 ecclesias.
999 1290 1181 1363 Nam,
1228 1294 1298 1349 ut
1343 1288 1461 1347 alia
1508 1287 1806 1361 omittam,
1851 1287 2100 1348 Birinus
2141 1290 2271 1361 ille,
2317 1287 2420 1369 qui
2460 1307 2597 1346 cum
2634 1282 2874 1345 coneilio

618 1375 881 1439 Honorii
910 1397 1117 1457 papae
1159 1375 1223 1442 in
1253 1373 1645 1436 Britanniam
1687 1385 1937 1448 venerat,
1984 1378 2048 1436 in
2091 1333 2489 1456 praedicando
2536 1376 2725 1435 verbo
2754 1373 2876 1434 Dei

619 1468 995 1544 adjutoribus
1055 1485 1198 1534 usus
1256 1472 1348 1525 est
1407 1465 1717 1542 Cynigilso
1733 1510 1747 1538 ,
1816 1485 1957 1543 rege
2021 1465 2489 1528 occidentalium
2550 1464 2874 1535 Saxonum,

621 1576 798 1634 quem
844 1556 973 1634 ipse
1019 1555 1450 1633 baptizaverat,
1499 1561 1560 1614 et
1596 1590 1672 1599 —
1712 1553 2007 1628 Oswaldo,
2052 1555 2686 1631 Nordanhymbrorum
2732 1572 2875 1628 rege

620 1652 684 1704 et
752 1663 979 1703 summo
1048 1645 1170 1703 suis
1238 1644 1609 1722 temporibus
1677 1644 1939 1703 omnium
2007 1643 2545 1722 Anglo·Saxonum
2614 1641 2876 1712 domino,

619 1730 863 1792 Aedani
906 1732 1120 1805 amico,
1167 1753 1202 1791 a
1251 1732 1445 1791 Scotis
1490 1733 1801 1811 baptizato
1848 1733 2044 1808 (Beda
2087 1733 2144 1791 h.
2192 1755 2241 1792 e.
2293 1734 2351 1805 3,
2386 1734 2442 1805 7,
2488 1733 2523 1809 ξ
2576 1732 2699 1788 167
2740 1731 2877 1805 sq.).

624 1820 899 1882 Secunda
944 1822 1115 1881 testis
1161 1822 1332 1881 adest
1373 1821 1761 1898 Aediltryda,
1808 1823 1933 1882 filia
1977 1823 2195 1882 Annae
2214 1867 2228 1895 ,
2274 1821 2433 1898 regis
2479 1818 2877 1879 Orientalium

624 1910 978 1988 Anglorum,
1027 1910 1131 1987 qui
1164 1931 1200 1970 a
1232 1910 1578 1970 Oantuariis
1622 1909 1801 1969 fidem
1847 1917 2233 1989 susceperant
2277 1909 2473 1987 (Beda
2504 1909 2561 1967 h.
2595 1929 2644 1966 e.
2681 1908 2738 1979 3,
2776 1907 2877 1978 18,

626 2001 662 2077 ξ
702 2001 876 2077 199).
969 1999 1193 2078 Nupsit
1254 1999 1409 2058 enim
1470 2020 1628 2058 anno
1677 2000 1803 2058 660
1851 1999 2130 2076 ngrido,
2193 1999 2419 2059 Oswini
2463 1996 2879 2072 Nordanhym-

624 2091 869 2147 brorum
913 2088 1073 2164 regis
1116 2086 1259 2160 filio,
1306 2094 1370 2146 et
1413 2087 1727 2147 duodecim
1772 2089 1944 2146 annis
1989 2094 2128 2166 post
2157 2123 2246 2132 —
2275 2089 2425 2146 illud
2455 2086 2694 2163 quidem
2739 2090 2881 2162 post

625 2177 915 2254 synodum
963 2175 1622 2236 Strenaeshalchensem
1668 2211 1744 2220 —
1789 2177 1976 2235 vitam
2024 2177 2427 2237 monachicam
2472 2181 2565 2234 est
2606 2175 2883 2251 amplexa

627 2266 692 2323 in
738 2272 939 2323 vetere
984 2263 1301 2323 Scotorum
1345 2265 1733 2337 monasteriO,
1796 2264 2012 2324 coludi
2054 2267 2204 2324 urbe
2251 2265 2446 2341 (Beda
2490 2266 2547 2322 h.
2590 2284 2639 2322 e.
2683 2263 2742 2333 4,
2782 2263 2881 2332 19,

628 2355 678 2431 §-
699 2353 826 2411 309
860 2354 992 2428 sq.),
1053 2353 1310 2429 denique
1364 2373 1487 2411 uno
1542 2358 1845 2413 transacto
1902 2374 2059 2412 anno
2106 2353 2238 2432 ipsa
2283 2374 2500 2413 novum
2549 2350 2885 2412 construxit

628 2441 1081 2513 monasterium,
1144 2440 1321 2518 Elge,
1382 2441 1445 2498 in
1491 2442 1805 2519 provincia
1850 2440 2247 2502 Orientalium
2293 2442 2658 2520 Anglorum,
2722 2440 2885 2516 quod

630 2529 945 2590 Scotorum
1005 2530 1382 2589 monasteriis
1439 2531 1588 2589 adeo
1650 2531 1839 2590 simile
1897 2531 2080 2590 fuisse
2127 2533 2390 2605 videtur,
2442 2537 2530 2594 .ut
2573 2529 2885 2589 Ebrardus

631 2623 714 2696 (p.
749 2619 904 2695 204)
952 2619 1238 2696 temporis
1285 2619 1538 2678 calculos
1601 2620 1928 2678 subducere
1976 2621 2260 2681 omittens
2320 2622 2479 2680 inter
2524 2617 2885 2678 monasteria

630 2705 1065 2781 „⁴‘Ouldeorum
1112 2707 1388 2767 videatur
1432 2728 1773 2767 numerasse
1817 2709 1969 2768 illud
2014 2710 2456 2770 monasterium.
2491 2744 2569 2753 —
2617 2706 2887 2766 Tertiam

632 2803 847 2856 testem
892 2795 1216 2873 producam
1261 2797 1510 2856 Hildam
1557 2797 1920 2858 abbatissam
1966 2797 2639 2859 Strenaeshalch'ensem.
2716 2795 2888 2854 Haec

555 2907 560 2912 ·
632 2884 788 2945 enim
835 2883 919 2944 ad
948 2884 1455 2965 praedicationem
1498 2882 1764 2962 Paulini,
1802 2885 1999 2965 primi
2041 2882 2126 2946 N
2117 2884 2694 2966 ordanhymbrommn
2736 2881 2885 2963 epis-

631 2971 781 3054 copi,
805 2973 1000 3056 sidem
1045 2982 1097 3032 et
1140 2982 1507 3034 saoranaenta
1556 2932 1781 3034 Christ}
1822 2984 2151 3054 susceperat
2210 2982 2272 3036 et
2333 2981 2541 3055 postea
2584 2974 2888 3050 integrum

633 3082 854 3121 annum
900 3061 1144 3122 vivebat
1187 3063 1249 3120 in
1297 3064 1656 3123 monasterio
1703 3065 1766 3133 in
1808 3062 2215 3125 Orientalibus
2261 3064 2482 3141 Anglis
2528 3067 2890 3136 constructo,

636 3151 783 3227 quin
830 3150 1011 3220 etiam
1058 3149 1437 3210 desiderabat
1478 3152 1542 3211 in
1590 3151 1851 3212 Galliam
1905 3154 2252 3231 pervenire:
2323 3154 2426 3213 sed
2486 3158 2767 3213 revocata
2826 3153 2892 3211 in

634 3238 896 3317 patriam
943 3240 1019 3298 ab
1039 3311 1042 3314 Ι
1066 3238 1318 3299 Aedano
1376 3241 1655 3320 episcopo
1718 3241 2024 3301 abbatissa
2070 3240 2685 3314 Strenaeshalchensis
2730 3242 2893 3300 facta

635 3333 729 3387 est
773 3333 835 3386 et
878 3328 944 3386 in
989 3328 1213 3405 synodo
1269 3330 1333 3388 in
1391 3329 1581 3408 ipsius
1636 3330 1997 3389 monasterio
2052 3331 2262 3390 habita
2308 3353 2343 3390 a
2391 3330 2708 3390 Scotorum
2753 3349 2890 3408 par-

636 3417 802 3475 tibus
861 3418 1037 3476 stetit
1094 3417 1287 3492 (Beda
1341 3419 1397 3476 h.
1448 3440 1495 3476 e.
1544 3419 1613 3491 4,
1664 3419 1774 3491 23,
1836 3420 1872 3496 ξ
1923 3420 2050 3477 323
2098 3440 2261 3496 sqq.;
2331 3421 2397 3491 3,
2448 3419 2558 3493 25,
2619 3413 2892 3497 5228).

638 3506 932 3581 Quartam
987 3507 1242 3582 denique
1296 3507 1536 3565 nomino
1582 3507 1961 3580 Eanfledam,
2031 3507 2300 3568 Aeduini
2357 3508 2518 3586 regis
2575 3508 2788 3579 filiam,
2858 3528 2895 3566 a

636 3594 896 3654 Paulino
942 3595 1310 3671 baptizatam
1358 3596 1439 3670 (h.
1472 3616 1520 3653 e.
1556 3597 1614 3668 2,
1650 3598 1708 3668 9,
1743 3597 1778 3673 ξ
1820 3596 1989 3673 114),
2039 3618 2191 3674 quae
2235 3603 2445 3676 postea
2492 3597 2621 3674 regi
2654 3597 2894 3656 Oswino

639 3682 849 3759 nupsit
894 3683 976 3758 (h.
1018 3704 1065 3740 e.
1112 3685 1169 3756 3,
1218 3683 1317 3756 15,
1363 3685 1401 3761 ξ
1449 3685 1619 3760 191).
1669 3718 1744 3729 —-
1800 3684 1921 3744 Sed
1974 3705 2051 3744 ne
2106 3687 2282 3764 plura
2342 3685 2681 3762 hujusmodi
2724 3686 2893 3746 testi-

639 3770 840 3829 monia
900 3772 1208 3849 proferens
1268 3773 1606 3832 molestiam
1666 3772 1912 3833 afferam
1977 3775 2315 3852 legentibus
2331 3818 2346 3848 ,
2415 3780 2748 3835 extremum
2817 3775 2899 3834 sit
2992 3836 2997 3840 .

641 3880 1116 3933 commemorare,
1165 3860 1325 3937 quod
1369 3861 1536 3940 ipsos
1579 3861 1890 3939 utriusque
1936 3864 2216 3923 ecclesiae
2262 3863 2507 3923 clericos
2552 3864 2896 3943 saepissime

641 3949 977 4008 invenimus
1023 3950 1087 4007 in
1134 3969 1254 4007 una
1298 3950 1606 4027 provincia
1652 3951 1953 4023 viventes;
2023 3952 2262 4011 nomino
2306 3953 2354 4013 J
2354 3954 2608 4013 acobum
2652 3952 2898 4012 Paulini

643 4037 909 4115 episcopi
954 4037 1295 4110 diaconum,
1359 4039 1463 4115 qui
1506 4039 1765 4098 Paulino
1823 4041 2067 4118 expulso
2121 4041 2184 4098 in
2239 4041 2764 4117 Nordanhymbria
2806 4061 2895 4101 re-

642 4125 818 4184 lictus
865 4125 1059 4200 (Beda
1089 4126 1147 4184 h.
1179 4147 1228 4184 e.
1264 4127 1320 4199 2,
1356 4128 1526 4206 20,§
1565 4129 1716 4205 149)
1762 4128 1850 4187 ibi
1894 4149 2004 4207 per
2049 4135 2243 4188 totum
2288 4135 2541 4209 tempus,
2589 4151 2706 4207 quo
2756 4129 2895 4189 Sco·

643 4220 843 4274 torum
890 4213 1135 4272 ecclesia
1181 4214 1458 4290 florebat,
1521 4223 1824 4293 superstes
1884 4219 2168 4277 manebat
2225 4239 2414 4295 usque
2474 4220 2551 4277 ad
2607 4220 2899 4297 synodum

646 4302 1300 4362 Strenaeshalchensem
1334 4304 1414 4380 (h.
1448 4326 1497 4364 e.
1534 4306 1592 4378 3,
1629 4305 1731 4377 25,
1773 4307 1808 4383 ξ
1844 4307 1969 4363 226
2005 4312 2066 4366 et
2099 4308 2272 4384 228),
2318 4308 2530 4367 deinde
2559 4308 2898 4367 Romanum

646 4393 1087 4468 presbyterum,
1146 4392 1248 4469 qui
1295 4414 1427 4453 cum
1473 4394 1767 4453 Eanfleda
1812 4394 2018 4473 regina
2063 4395 2126 4455 in
2170 4397 2229 4456 N
2231 4395 2754 4473 ordanhymbriam
2798 4417 2897 4458 ve·
