3134 5034
1492 247 1929 314 ...30-

593 432 995 492 controversia
1057 424 1380 510 composita
1436 438 1543 492 est.
1635 432 1800 511 Ergo
1847 434 2006 493 ultra
2051 434 2348 492 saeculum
2396 439 2670 494 octavum
2725 452 2888 493 non

590 522 1058 601 progrediemur.

768 611 937 670 Haec
996 610 1199 689 priora
1259 610 1537 669 ecclesiae
1586 610 1898 670 Scotorum
1960 611 2192 669 saecula
2253 611 2483 669 duabus
2540 611 2883 671 aetatibus

593 698 1186 778 comprehenduntur,
1234 719 1354 756 una
1394 699 1854 776 primordiorum
1886 719 2071 775 usque
2102 700 2178 757 ad
2210 699 2548 773 Columbae,
2598 698 2878 759 abbatis

591 788 876 861 Hiiensis,
922 793 1189 864 tempora
1236 788 1341 864 (ca.
1384 787 1555 864 565),
1605 789 1795 847 altera
1840 788 1976 846 inde
2022 788 2099 846 ab
2146 808 2302 849 anno
2352 788 2478 846 565
2528 808 2713 865 usque
2777 790 2877 848 ad

594 876 890 936 saeculum
936 896 1173 934 nonum.
1252 876 1582 954 Utriusque
1628 877 1804 951 hujus
1851 877 2065 935 aetatis
2110 876 2359 935 historia
2391 876 2569 935 scribi
2611 878 2873 954 nequit,

592 986 728 1023 nam
777 965 893 1023 nisi
939 965 1011 1023 de
1057 965 1263 1043 paucis
1311 966 1530 1025 sanctis
1579 971 1642 1025 et
1687 967 1760 1024 de
1807 966 2010 1043 paucis
2058 966 2337 1024 eeclesiae
2383 966 2658 1043 partibus
2690 970 2868 1025 certi

593 1054 821 1131 aliquid
881 1075 998 1113 non
1063 1060 1311 1114 constat.
1405 1053 1580 1128 Quod
1640 1055 1811 1113 nobis
1873 1056 2066 1113 minus
2127 1054 2444 1113 dolendum
2509 1061 2599 1114 est
2658 1075 2869 1131 quam

591 1162 786 1201 rerum
834 1143 1246 1221 scriptoribus,
1310 1164 1441 1202 cum
1483 1147 1608 1220 jam
1656 1164 1728 1203 ex
1771 1144 1871 1217 iis,
1938 1164 2089 1219 quae
2136 1144 2209 1202 de
2255 1143 2506 1220 singulis
2551 1143 2698 1203 viris
2746 1145 2870 1203 vel

593 1232 666 1290 de
714 1233 966 1310 singulis
1014 1231 1292 1291 ecclesiae
1339 1233 1615 1311 partibus
1662 1233 1889 1292 tradita
1929 1239 2084 1305 sunt,
2131 1253 2283 1308 quae
2312 1233 2497 1292 fuerit
2526 1234 2868 1292 universae

594 1321 874 1381 ecclesiae
921 1328 1153 1393 natura,
1201 1321 1477 1398 cognosci
1522 1322 1716 1381 liceat.
1793 1321 2010 1397 Itaque
2057 1342 2189 1380 cum
2234 1323 2298 1380 in
2339 1321 2584 1381 alterius
2616 1322 2689 1380 de
2721 1342 2867 1399 qua

592 1410 879 1483 diximus,
950 1410 1164 1469 aetatis
1224 1410 1422 1487 priore
1483 1417 1659 1488 parte
1720 1410 1836 1469 duo
1897 1410 2271 1490 potissimum
2334 1410 2478 1484 viri,
2549 1402 2865 1471 Columba

595 1499 863 1558 Hiiensis
910 1506 971 1559 et
1025 1498 1315 1557 Columba
1360 1498 1758 1559 Luxoviensis
1814 1520 1887 1557 ex
1946 1499 2306 1559 umbraculis
2363 1499 2713 1577 procedant,
2784 1500 2862 1558 in

592 1589 778 1647 altera
841 1593 1036 1645 autem
1098 1593 1268 1665 parte
1331 1588 1404 1644 de
1461 1609 1581 1646 una
1626 1589 1907 1647 ecclesiae
1951 1594 2148 1666 parte,
2209 1589 2859 1665 Nordanhymbrorum

592 1677 855 1750 ecclesia,
884 1677 1058 1754 plura
1090 1681 1380 1749 constent,
1412 1676 1667 1754 primum
1699 1677 1773 1735 de
1805 1677 2163 1755 primordiis,
2196 1677 2408 1736 deinde
2440 1679 2513 1735 de
2546 1676 2859 1736 Columba

591 1765 852 1838 Hiiensi,
912 1770 1042 1823 tum
1097 1765 1359 1843 seposito
1415 1766 1490 1824 ad
1547 1772 1782 1844 tempus
1829 1765 2120 1825 Columba
2165 1765 2552 1839 Luxoviensi,
2615 1765 2858 1845 quippe

592 1853 696 1931 qui
727 1875 800 1911 ex
828 1853 1030 1932 patria
1061 1853 1455 1931 emigraverit,
1488 1854 1561 1912 de
1586 1855 1642 1914 N
1646 1855 2216 1930 ordanhymbrorum
2242 1856 2501 1927 ecclesia,
2535 1861 2855 1932 postremo
2901 1908 2904 1915 .

590 1943 663 2001 de
710 1941 1000 2002 Columba
1040 1942 1410 2002 Luxoviensi
1454 1948 1517 2001 et
1563 1943 1637 2002 de
1683 1943 1773 2017 iis,
1824 1945 1925 2021 qui
1976 1964 2105 2002 cum
2154 1964 2223 2001 eo
2270 1944 2364 2003 vel
2410 1951 2548 2021 post
2595 1964 2725 2002 cum
2779 1943 2854 2001 in

590 2030 789 2091 Gallia
837 2039 898 2091 et
946 2030 1269 2092 Germania
1313 2032 1871 2110 peregrinabantur,
1920 2033 2326 2093 disserendum
2370 2032 2542 2092 nobis
2588 2032 2723 2092 erit.

1542 2173 1881 2240 Primos-diis

586 2298 799 2376 igitur,
860 2298 933 2356 de
994 2299 1211 2375 quibus
1271 2297 1526 2376 primum
1583 2299 1895 2358 dicendum
1946 2305 2060 2374 est,
2123 2306 2245 2359 tam
2293 2300 2506 2358 densae
2552 2300 2848 2360 tenebrae

587 2387 806 2446 offusae
869 2394 1034 2461 sunt,
1100 2392 1170 2446 ut
1220 2387 1576 2466 perdifficile
1630 2388 1709 2447 sit
1764 2389 1837 2447 de
1882 2389 1992 2448 hac
2038 2389 2236 2467 priore
2284 2395 2480 2447 aetate
2526 2386 2849 2448 disserere.

586 2476 788 2535 Facile
845 2482 1025 2550 esset,
1087 2475 1139 2535 si
1192 2476 1694 2551 acquiesceremus
1751 2478 2068 2537 refutanda
2115 2497 2317 2536 eorum
2363 2477 2666 2555 opinione,
2730 2478 2845 2554 qui

587 2566 954 2625 contendunt
1001 2556 1471 2641 antiquissimam
1512 2568 1638 2642 jam
1671 2564 1986 2626 Scotorum
2029 2567 2333 2625 ecclesiam
2365 2585 2497 2624 cum
2539 2566 2844 2626 catholica

587 2675 703 2712 non
764 2653 828 2712 in
884 2654 1155 2713 omnibus
1203 2654 1579 2714 consensisse.
1670 2655 1823 2716 Nam
1873 2656 2099 2715 nullum
2142 2659 2338 2713 exstat
2383 2652 2562 2713 ullius
2608 2655 2840 2714 dissen-

585 2743 766 2801 sionis
821 2742 1225 2803 testimonium
1282 2764 1472 2821 neque
1525 2744 1641 2822 ipsi
1687 2744 1820 2804 aliis
1867 2743 2230 2821 argumentis
2276 2749 2528 2803 utuntur
2572 2743 2688 2802 nisi
2732 2744 2837 2802 de·

590 2832 844 2911 sumptis
899 2853 972 2890 ex
1017 2831 1413 2910 posteriorum
1460 2840 1794 2911 temporum
1840 2834 2034 2891 rebus.
2110 2832 2286 2890 Hanc
2331 2838 2530 2891 autem
2560 2853 2835 2909 perscru-

585 2922 802 2980 tandae
849 2921 1226 2997 antiquitatis
1273 2921 1562 2980 rationem
1611 2921 2049 2981 fallacissimam
2096 2942 2220 2980 esse
2265 2922 2376 2979 hoc
2423 2940 2658 2997 quoque
2699 2921 2834 2979 loco

583 3031 656 3068 ex
702 3010 776 3069 iis
822 3016 1089 3088 apparet,
1137 3029 1288 3087 quae
1335 3016 1495 3070 certo
1539 3012 1752 3071 scimus
1799 3010 1873 3069 de
1919 2990 2197 3068 ecclesiae
2231 3008 2543 3069 Scotorum
2575 3009 2832 3086 primor-

583 3098 712 3157 diis.
806 3098 1059 3158 Constat
1121 3099 1278 3158 enim
1331 3099 1491 3159 inter
1546 3119 1747 3165 omnes
1795 3097 2149 3170 Patricium,
2211 3098 2452 3157 natione
2500 3097 2830 3172 Britonem,

583 3185 894 3246 Scotorum
940 3186 1151 3246 haberi
1197 3189 1548 3266 apostolum,
1599 3206 1805 3264 neque,
1853 3191 1921 3244 ut
1965 3192 2176 3264 postea'
2222 3186 2572 3259 videbimus,
2620 3187 2829 3244 fictum

583 3281 674 3335 est
720 3297 853 3334 eum
900 3276 1097 3355 priore
1145 3278 1364 3357 saeculi
1410 3277 1605 3354 quinti
1653 3281 1823 3353 parte
1869 3273 2044 3332 fidem
2089 3273 2470 3334 christianam
2512 3276 2573 3333 in
2604 3275 2827 3333 Hiber-

580 3367 740 3425 niam
788 3365 1076 3425 attulisse.
1155 3366 1320 3444 Ergo
1368 3387 1498 3425 cum
1546 3364 1861 3423 Britonum
1898 3362 2156 3420 ‘ecclesia
2204 3385 2272 3422 ea
2302 3364 2434 3441 ipsa
2463 3369 2661 3422 aetate
2695 3382 2830 3422 cum

579 3455 853 3514 Romana
879 3455 1124 3517 ecclesia
1150 3455 1383 3513 omnino
1411 3453 1787 3524 consentiret,
1815 3450 2125 3509 Scotorum
2153 3473 2386 3529 quoque
2412 3452 2830 3528 antiquissima

581 3544 827 3603 ecclesia
875 3566 909 3603 a
954 3544 1243 3603 Romanis
1289 3543 1603 3601 dissentire
1651 3561 1766 3598 non
1813 3539 2027 3617 potuit.
2118 3539 2310 3600 Immo
2359 3536 2591 3601 tantum
2639 3542 2828 3616 abest,

580 3639 648 3692 ut
694 3630 1106 3709 antiquissima
1140 3631 1452 3691 Scotorum
1500 3628 1747 3687 ecclesia
1795 3648 1925 3686 cum
1955 3627 2242 3689 Romanis
2288 3651 2402 3688 non
2448 3630 2827 3702 consenserit,

582 3727 647 3781 ut
704 3722 1021 3782 verisimile
1079 3722 1184 3795 sit,
1248 3720 1425 3778 fidem
1484 3717 1867 3775 christianam
1913 3736 2030 3775 non
2079 3718 2204 3776 sine
2252 3740 2434 3797 opera
2478 3718 2828 3796 pontificum

581 3808 989 3871 Romanorum
1043 3811 1105 3868 in
1152 3807 1509 3867 Hiberniam
1567 3805 1810 3863 allatam
1858 3825 2000 3863 esse.
2095 3807 2269 3880 Quod
2316 3814 2383 3866 ut
2430 3809 2827 3887 comprobem,

582 3901 974 3961 necessarium
1032 3897 1244 3977 putavi
1296 3895 1499 3973 paullo
1545 3893 1851 3953 verbosius
1896 3894 1970 3951 de
2017 3896 2295 3955 ecclesiae
2343 3895 2656 3955 Scotorum
2702 3896 2825 3972 pri·

580 3990 822 4049 mordiis
869 3990 1176 4047 disserere.

757 4078 1029 4136 Fuerunt
1062 4092 1200 4133 vero
1232 4071 1294 4129 in
1320 4070 1617 4129 Hibernia
1650 4089 1804 4128 anno
1839 4069 2074 4129 circiter
2100 4072 2220 4130 431
2253 4072 2536 4144 nonnulli,
2570 4070 2673 4147 qui
2699 4071 2827 4131 sine

579 4189 759 4247 opera
788 4165 1212 4234 Romanorum,
1259 4165 1328 4218 ut
1374 4159 1627 4232 videtur,
1677 4158 1752 4218 ad
1799 4158 2181 4219 christianam
2223 4159 2395 4219 fidem
2429 4159 2825 4234 transiissent,

579 4258 685 4318 sed
726 4251 1011 4333 perpauci
1058 4255 1245 4323 erant,
1293 4269 1430 4307 nam
1476 4249 1683 4307 eodem
1714 4247 1844 4325 ipso
1877 4268 2032 4306 anno
2065 4254 2217 4306 teste
2248 4247 2545 4324 Prospero
2578 4247 2825 4323 (Chron.

579 4367 672 4424 op.
720 4341 902 4402 editio
951 4337 1201 4397 Bassani
1255 4333 1422 4397 1782
1480 4336 1531 4410 I,
1579 4358 1637 4414 p.
1686 4336 1843 4407 401;
1908 4336 1987 4393 H.
2036 4337 2152 4393 aad
2200 4334 2289 4395 St.
2335 4334 2422 4409 Π,
2473 4337 2509 4392 2
2558 4357 2616 4412 p.
2667 4337 2825 4413 290)
