3134 5034
1389 311 1830 375 —14—

488 518 547 575 p.
601 472 767 572 1'43),
826 472 1130 556 Davidum
1187 496 1624 557 Meneviensem
1687 499 1757 575 (†
1806 499 1950 569 601.
2013 497 2093 556 H.
2141 495 2260 557 and
2304 494 2392 558 St.
2455 519 2512 575 p.
2565 494 2734 574 144),

490 587 842 647 Dubricium
889 586 1341 646 Landavensem
1388 588 1457 664 (†
1492 588 1619 644 612
1668 587 1748 644 H.
1797 588 1913 646 and
1959 585 2047 645 St.
2095 586 2145 659 I,
2191 608 2248 664 p.
2303 588 2471 664 146),
2520 587 2736 645 Kenti·

488 695 736 751 gernum
785 674 1243 737 Glascovensem
1291 676 1361 752 (†
1404 677 1549 732 612.
1597 675 1677 732 Η.
1712 676 1830 734 and
1862 676 1950 735 St.
1996 675 2083 749 ΙΙ,
2122 678 2173 734 l.
2220 698 2278 755 p.
2328 677 2385 733 4.
2419 678 2491 735 cf.
2539 675 2736 735 Skene

488 762 574 835 ΙΙ,
622 786 679 842 p.
735 765 1126 841 180—198),
1173 763 1516 841 Asaphum,
1576 765 1934 841 Kentigerni
1982 765 2206 824 socium
2266 786 2335 824 ac
2382 766 2733 842 discipulum
2839 808 2845 814 .

489 852 594 928 (H.
642 853 761 911 and
807 852 895 913 St.
946 853 995 927 I,
1042 874 1099 930 p.
1149 852 1318 929 144),
1366 853 1439 911 de
1487 853 1704 929 quibus
1749 853 2022 912 omnibus
2066 855 2225 912 fama
2273 855 2586 932 permulta,
2631 875 2734 913 an·

487 943 653 1000 nales
700 942 782 999 nil
841 942 954 1000 nisi
1012 942 1254 1001 nomina
1308 942 1628 1000 memoriae
1687 942 2107 1019 prodiderunt,
2172 979 2258 988 -
2317 963 2546 1002 necnon
2607 943 2738 1019 ipse

492 1028 703 1089 Gildas
750 1032 826 1088 ab
872 1031 949 1089 iis
994 1031 1229 1090 veniam
1277 1031 1434 1109 petit
1465 1032 1581 1108 (ep.
1613 1031 1649 1107 ξ
1685 1030 1786 1104 65,
1817 1053 1874 1108 p.
1910 1033 1945 1089 7
1955 1033 2037 1108 2),
2085 1052 2335 1107 quorum
2383 1033 2568 1091 vitam
2616 1051 2736 1090 non

491 1119 679 1177 solum
713 1140 775 1178 se
807 1121 1050 1178 laudare
1068 1119 1186 1179 sed
1232 1121 1410 1178 etiam
1445 1120 1672 1178 cunctis
1718 1120 1921 1179 mundi
1969 1121 2181 1199 opibus
2225 1123 2527 1199 praeferre
2574 1120 2732 1179 affir-

486 1216 612 1267 mat
660 1210 757 1284 (cf.
806 1229 896 1287 ep.
943 1211 978 1287 g
1028 1211 1130 1279 69,
1176 1230 1232 1285 p.
1285 1211 1410 1280 76),
1473 1208 1668 1285 ipsum
1731 1209 1983 1286 denique
2031 1208 2271 1268 Gildam
2329 1210 2549 1288 scripta
2606 1213 2736 1284 ejus

488 1300 879 1376 comprobant-
923 1298 1104 1357 fuisse
1150 1298 1343 1356 virum
1389 1317 1617 1374 summa
1662 1298 2052 1358 admiratione
2098 1298 2374 1375 dignum,
2438 1299 2735 1358 eruditum

486 1408 596 1465 pro
643 1387 765 1447 suis
811 1388 1195 1464 temporibus,
1241 1386 1535 1461 insignem
1589 1386 1750 1446 vitae
1818 1388 2183 1464 integritate,
2232 1388 2542 1446 amabilem
2597 1408 2738 1464 pro-

487 1482 626 1553 pter
669 1496 929 1534 amorem
977 1497 1121 1554 erga
1165 1482 1400 1552 gentem
1451 1496 1634 1548 suam,
1682 1476 1904 1554 quippe
1952 1477 2056 1553 qui
2096 1478 2313 1536 fratres
2343 1477 2634 1537 amaverit
2666 1482 2737 1534 ut

492 1565 687 1623 Moses
735 1566 950 1640 (Exod.
985 1566 1086 1636 32,
1122 1566 1158 1622 3
1208 1565 1279 1625 cf.
1328 1585 1418 1642 ep.
1466 1566 1638 1642 369,
1685 1585 1743 1641 p.
1780 1566 1889 1642 78)
1937 1566 2114 1623 immo
2162 1586 2349 1642 paene
2395 1572 2465 1625 ut
2508 1566 2735 1626 Paulus

488 1655 792 1730 apostolus
839 1654 1036 1730 (Rom.
1083 1655 1139 1726 9,
1175 1654 1212 1710 3
1263 1654 1334 1712 cf.
1381 1675 1473 1730 ep.
1521 1655 1556 1731 ξ
1608 1655 1707 1726 64,
1754 1674 1812 1731 p.
1864 1656 1989 1729 71).
2079 1655 2479 1715 Nihilominus
2525 1676 2597 1712 ex
2641 1654 2734 1725 iis,

488 1762 641 1818 quae
702 1741 913 1801 Gildas
963 1739 1156 1824 flebili
1211 1761 1506 1813 sermone,
1566 1750 1637 1801 ut
1682 1743 1768 1801 ait
1813 1742 1981 1803 Beda
2042 1745 2122 1819 (h.
2170 1765 2219 1802 e.
2275 1746 2326 1817 1,
2372 1745 2474 1816 22,
2519 1745 2554 1822 ξ
2605 1741 2732 1820 50),

487 1837 727 1890 enarrat
759 1832 1033 1908 cognosci
1074 1837 1270 1909 potest
1301 1832 1621 1890 Britonum
1667 1832 1972 1891 ecclesiam
2018 1834 2179 1892 illius
2226 1833 2440 1892 aetatis
2487 1832 2730 1891 eandem

485 1919 694 1993 fuisse,
759 1942 910 1997 quae
955 1927 1132 1980 antea
1179 1926 1307 1978 erat
1352 1921 1413 1978 in
1459 1920 1805 1994 Britannia,
1868 1921 2115 1980 eandem
2162 1922 2267 1980 sed
2311 1927 2729 1992 senescentem,

485 2017 884 2069 senescentem
955 2010 1159 2068 eodem
1234 2010 1407 2068 modo
1476 2018 1658 2086 atque
1725 2010 1789 2068 in
1850 2011 2121 2070 omnibus
2181 2011 2438 2070 Romani
2497 2010 2732 2088 imperii

484 2099 807 2176 provinciis
869 2103 1103 2158 constat
1155 2099 1416 2158 senuisse
1471 2119 1605 2156 cum
1659 2099 1908 2177 imperio
1974 2101 2276 2174 ecclesias,
2340 2135 2424 2146 --
2487 2099 2732 2165 eandem

486 2208 606 2246 non
652 2209 866 2247 novam
912 2189 1008 2246 vel
1052 2193 1417 2247 renovatam.
1511 2188 1689 2260 Quod
1734 2209 1864 2246 cum
1912 2196 2112 2265 neget,
2168 2189 2346 2247 immo
2392 2209 2522 2247 cum
2570 2188 2732 2246 dicat

486 2276 790 2335 ecclesiam
843 2277 1161 2336 Britonum
1215 2275 1431 2334 Gildae
1488 2278 1859 2355 temporibus
1913 2278 1999 2336 ita
2057 2279 2351 2351 floruisse,
2418 2283 2487 2336 ut
2536 2279 2731 2336 facere

486 2386 604 2423 non
648 2367 957 2444 possimus,
1005 2366 1148 2441 quin
1190 2370 1567 2423 externorum
1615 2386 1727 2442 ope
1774 2387 1939 2425 sacra
1986 2367 2047 2425 in
2089 2367 2406 2427 Britannia
2451 2366 2733 2425 restituta

487 2475 612 2514 esse
657 2462 950 2532 putemus,
999 2453 1327 2513 Schoellius
1374 2456 1458 2531 (p.
1492 2455 1602 2529 20)
1650 2475 1685 2513 a
1733 2476 1873 2516 vero
1920 2457 2128 2515 saltem
2171 2478 2211 2515 a
2259 2462 2419 2515 certo
2466 2455 2727 2532 paullum

486 2544 796 2605 aberrasse
842 2544 987 2602 mihi
1031 2544 1285 2603 videtur.

664 2633 889 2709 Negari
921 2653 1059 2691 vero
1107 2653 1225 2690 non
1271 2636 1471 2710 potest
1517 2633 1821 2692 ecclesiam
1868 2634 2025 2692 illius
2057 2635 2286 2707 aetatis,
2324 2669 2403 2679 -
2440 2639 2729 2710 quantum

487 2742 559 2778 ex
591 2720 807 2779 Gildae
852 2721 1091 2799 scriptis
1135 2721 1276 2779 licet
1321 2741 1675 2798 cognoscere
1708 2757 1791 2767 —
1825 2730 1884 2782 et
1916 2744 1987 2780 ex
2019 2724 2240 2782 arianis
2285 2722 2732 2801 pelagianisque

488 2810 1038 2886 perturbationibus
1084 2815 1144 2869 et
1190 2830 1265 2868 ex
1311 2830 1405 2882 ea,
1454 2830 1607 2886 quae
1654 2810 2020 2871 invasionem
2067 2810 2367 2870 Saxonum
2414 2812 2732 2871 subsecuta

488 2904 634 2971 erat,
682 2899 919 2958 miseria
948 2919 1010 2958 se
1041 2898 1417 2958 recreavisse.
1478 2900 1632 2957 Nam
1664 2900 1815 2958 bene
1846 2899 2121 2960 ordinata
2150 2900 2482 2960 invenimus
2516 2900 2731 2958 omnia.

487 2986 835 3046 Invenimus
883 2988 1227 3046 clericorum
1275 3007 1552 3063 magnum
1602 3009 1909 3047 numerum
1957 2992 2074 3066 (ep.
2107 2990 2142 3066 ξ
2178 2991 2278 3062 66,
2310 3010 2368 3067 p.
2404 2990 2531 3065 72),
2581 2988 2731 3066 epis·

488 3096 664 3154 copos
711 3076 1031 3137 honoribus
1079 3082 1139 3136 et
1185 3076 1412 3135 divitiis
1457 3082 1698 3136 ornatos
1745 3077 1850 3152 (ib.
1896 3079 1931 3155 ξ
1986 3078 2127 3150 108,
2176 3100 2233 3155 p.
2273 3077 2443 3153 114),
2491 3096 2731 3135 munere

488 3166 889 3241 apostolorum
952 3165 1268 3242 praecipue
1327 3164 1530 3237 Petri,
1602 3162 1962 3225 clavicularii
2011 3163 2169 3224 illius
2223 3162 2510 3225 coelorum
2568 3163 2736 3244 ‘reym'

486 3251 683 3312 idonei
728 3253 832 3330 (ib.
879 3254 915 3330 ξ
965 3254 1064 3325 73,
1114 3275 1173 3331 p.
1219 3254 1330 3332 82)
1377 3258 1664 3329 tanquam
1710 3275 2071 3314 successores
2119 3258 2245 3331 ejus
2292 3256 2405 3333 (ep.
2457 3255 2492 3331 ξ
2529 3256 2608 3311 66
2642 3273 2730 3329 sq.

485 3363 540 3418 p.
594 3343 674 3399 72
723 3344 877 3417 sqq.)
922 3343 1267 3419 fungentes,
1315 3343 1570 3420 synodos
1615 3351 2046 3420 congregantes
2094 3345 2192 3419 (cf.
2239 3344 2439 3419 infra),
2487 3343 2730 3419 presby·

486 3438 647 3489 teros
694 3432 811 3508 (ep.
858 3431 893 3507 ξ
943 3432 1043 3503 69,
1090 3452 1147 3508 Ρ.
1198 3433 1233 3489 7
1243 3434 1326 3508 6),
1388 3451 1505 3489 non
1563 3431 1752 3490 solum
1808 3452 2106 3492 summum
2150 3434 2252 3491 sed
2296 3429 2599 3512 quemlibet
2641 3450 2726 3490 ec-

491 3515 872 3578 clesiasticum
914 3518 1175 3598 yradum
1205 3521 1322 3598 (ep.
1357 3520 1391 3596 ἓ
1430 3523 1510 3578 66
1537 3542 1595 3598 Ρ.
1634 3522 1743 3597 74)
1775 3541 1844 3579 ac
1891 3528 2083 3581 certos
2130 3522 2526 3597 definitosque
2572 3519 2728 3577 ordi·

486 3607 746 3666 nationis
778 3608 929 3666 ritus
963 3610 1079 3686 (ep.
1111 3610 1146 3686 g
1185 3610 1306 3667 106
1340 3629 1427 3685 sq.
1459 3631 1517 3687 p.
1557 3610 1677 3667 111
1716 3612 1904 3686 sqq.);
1945 3610 2276 3670 invenimus
2309 3615 2370 3669 et
2399 3609 2731 3679 monachos,

490 3701 761 3755 votorum
808 3697 1060 3756 vinculis
1107 3698 1425 3756 obstrictos
1472 3701 1589 3774 (ep.
1638 3698 1673 3775 g
1725 3699 1825 3771 35,
1874 3720 1932 3776 p.
1981 3698 2092 3775 45)
2138 3720 2329 3776 neque
2389 3698 2732 3775 ignoramus

486 3804 759 3863 prorsus,
823 3805 1112 3862 quaenam
1174 3786 1399 3844 fuerint
1459 3786 1561 3843 illa
1622 3793 1780 3845 vota.
1873 3787 2023 3848 Nam
2076 3808 2207 3846 cum
2253 3792 2542 3865 appareat
2596 3791 2733 3863 post

488 3874 758 3933 monachi
802 3882 1005 3934 votum
1055 3875 1198 3951 quin
1245 3875 1425 3933 etiam
1473 3882 1615 3953 post
1672 3871 1948 3935 monachi
1988 3884 2184 3936 votum
2226 3875 2460 3935 irritum
2504 3870 2733 3932 illicitas

485 3963 665 4022 fuisse
712 3964 953 4042 nuptias
999 3965 1061 4040 (l.
1110 3967 1200 4041 c.)‚
1248 3984 1379 4022 cum
1428 3970 1702 4022 occurrat
1748 3965 1967 4023 femina
2012 3966 2329 4040 quaedam,
2387 3984 2540 4041 quae
2585 3982 2729 4042 per-

477 4060 723 4131 petuam
765 4051 873 4112 cleo
926 4045 1220 4112 vidvdtatis
1273 4050 1681 4111 castimmziam
1730 4053 2090 4133 promiserat
2135 4055 2251 4131 (ep.
2298 4055 2333 4131 ξ
2383 4054 2464 4111 32
2513 4075 2571 4131 Ρ.
2620 4052 2731 4126 41)

485 4141 549 4198 id
596 4141 837 4217 quidem
883 4147 1108 4199 certum
1154 4147 1269 4214 est,
1317 4142 1475 4217 quod
1522 4141 1680 4199 inter
1724 4148 1867 4199 vota
1912 4143 2331 4201 monachorum
2378 4163 2495 4200 non
2543 4139 2734 4201 defuit

485 4236 707 4302 votum,
756 4229 916 4307 quod
962 4230 1183 4287 dictum
1230 4235 1321 4287 est
1364 4230 1527 4287 sinus
1574 4229 1611 4289 i.
1660 4251 1707 4289 e.
1753 4229 2139 4307 virginitatis,
2186 4231 2245 4287 in
2297 4250 2414 4305 qua
2460 4251 2730 4310 perman·

487 4318 631 4376 sisse
685 4318 732 4377 J
733 4318 1011 4377 eremiam
1070 4317 1422 4395 prophetam
1488 4316 1728 4391 Gildas,
1814 4339 1947 4377 cum
2008 4320 2274 4395 loquitur
2333 4317 2407 4376 de
2466 4318 2731 4380 Jeremia

488 4407 603 4483 (ep.
635 4408 671 4483 ξ
705 4409 807 4480 80,
849 4428 907 4483 Ρ.
940 4407 1068 4481 89),
1100 4426 1555 4464 commemorare
1602 4427 1719 4465 non
1765 4407 1980 4466 omisit.
