3134 5034
1208 306 1642 363 „27-

305 491 468 553 terea
514 484 800 553 diuturna
839 482 1068 559 jejunia
1116 482 1617 543 consecrationem
1651 482 1930 544 videntur
1956 483 2342 561 praecessisse
2375 484 2543 560 (ibid.

302 596 360 652 p.
396 573 523 650 75).
601 572 1014 630 Eucharistiae
1061 578 1258 631 autem
1306 572 1690 630 celebrandae
1736 572 1888 632 ritus
1921 572 2080 649 apud
2108 571 2387 632 Britones
2419 594 2543 643 eos-

303 663 436 723 dem
480 661 677 734 fuisse,
726 661 849 738 qui*
875 661 1034 740 apud
1065 659 1271 720 Gallos
1317 665 1488 719 erant
1531 696 1609 706 —-
1646 661 1819 719 facile
1866 660 2197 722 affirmatur
2241 662 2344 721 sed
2388 662 2542 720 diffi-

303 752 473 810 cilius
519 770 711 827 neque
756 750 882 809 sine
923 750 1285 809 verbositate
1332 749 1665 809 accuratius
1698 750 2008 828 explanari
2035 754 2252 827 potest.
2328 750 2545 828 Itaque

303 841 381 900 ad
425 838 727 901 Warrenii
771 839 990 907 librum
1038 841 1121 917 (p.
1172 837 1254 895 75
1302 841 1457 915 sqq.)
1503 840 1756 898 lectores
1803 840 2026 916 delego·

481 930 650 987 Haec
695 935 860 1000 sunt,
923 946 1074 1003 quae
1120 927 1194 985 de
1239 926 1449 1004 priscis
1493 927 1612 986 illis
1657 929 1944 1001 moribus,
2004 928 2218 1005 quibus
2263 928 2545 988 Britones

304 1018 581 1078 abdicare
626 1018 933 1090 nolebant,
996 1016 1166 1076 nobis
1212 1021 1355 1075 nota
1401 1021 1556 1075 sunt.
1646 1017 1949 1090 Profecto,
2011 1017 2365 1095 praesertim
2412 1036 2543 1076 cum

305 1106 680 1183 Augustinus
723 1106 922 1165 omnia
975 1111 1214 1183 praeter
1269 1106 1767 1183 computationem
1817 1106 1957 1165 festi
2000 1106 2292 1185 paschalis
2338 1113 2400 1165 et
2421 1126 2542 1184 -pe·

308 1195 586 1255 culiarem
646 1194 993 1273 baptizandi
1039 1215 1260 1254 morem
1308 1214 1370 1252 se
1417 1196 1809 1254 toleraturum
1855 1214 1982 1255 esse
2027 1194 2328 1273 pollicitus
2373 1200 2545 1268 esset,

303 1284 517 1343 idonea
562 1304 679 1343 non
725 1284 993 1356 fuissent,
1041 1303 1192 1359 quae
1238 1287 1467 1342 tant-am
1513 1291 1575 1342 et
1606 1290 1729 1343 tam
1762 1283 2053 1343 diutinam
2085 1284 2545 1343 controversiam

304 1373 462 1433 inter
492 1373 773 1432 Britones
819 1381 879 1432 et·
914 1374 1144 1449 Anglos
1190 1372 1508 1445 concirent,
1550 1373 1672 1431 nisi
1718 1373 2058 1433 accessisset
2102 1373 2545 1432 acerbissimum

303 1462 619 1522 Britonum
666 1463 728 1519 in
760 1461 1023 1521 Saxones
1071 1461 1298 1535 odium3
1344 1462 1610 1539 profecto
1659 1462 1906 1521 celerius
1953 1462 2197 1521 ecclesia
2228 1461 2545 1520 Britonum

304 1556 365 1610 et
411 1551 655 1610 ecclesia
689 1548 1220 1627 Anglo-Saxonum
1268 1551 1331 1608 in
1374 1571 1552 1609 unum
1606 1570 1818 1630 corpus
1865 1551 2235 1623 coaluissent,
2280 1551 2398 1610 nisi
2427 1570 2547 1609 una

304 1660 450 1716 gens
512 1641 589 1699 ab
649 1641 838 1699 altera
897 1639 1107 1716 gentili
1167 1640 1302 1711 odio
1349 1639 1561 1699 fuisset
1608 1642 1890 1715 sejuncta.
1981 1640 2162 1701 Nulla
2209 1639 2364 1698 enim
2411 1639 2545 1699 Bri-

304 1728 548 1788 tonibus
578 1748 710 1786 cum
734 1728 959 1805 Anglo·
940 1727 1299 1787 ·Saxonibus
1331 1734 1460 1787 erat
1491 1728 1873 1788 consuetudo.
1919 1729 2109 1786 Immo
2141 1734 2345 1788 tantae
2377 1734 2548 1788 erant

307 1817 463 1875 inter
478 1823 793 1893 utramque
810 1823 1049 1893 gentem
1065 1819 1310 1894 ejusque
1325 1817 1601 1876 ecclesias
1617 1817 1979 1891 inimicitiae,
1999 1824 2069 1877 ut
2078 1816 2548 1902 Britonesfidem

305 1901 751 1987 religionemque
780 1901 1113 1985 Anqlorum
1145 1925 1270 1986 pro
1312 1902 1491 1965 nihilo
1530 1903 1802 1967 haberent
1829 1925 2010 1987 neque
2039 1904 2102 1966 in
2130 1903 2330 1987 aliquo
2359 1904 2548 1987 magis

302 1992 375 2053 iis
417 1992 904 2054 communicarent
933 2013 1113 2075 quam
1140 1993 1397 2076 payanis
1427 1994 1621 2069 (Beda
1651 1996 1710 2052 h.
1741 2014 1790 2051 e.
1826 1995 1882 2068 2,
1917 1996 1999 2052 20
2036 1994 2071 2072 ξ
2113 1995 2280 2071 147),
2310 2000 2380 2054 ut
2410 2016 2459 2053 e.
2490 2016 2549 2071 g.

305 2078 694 2142 Demetarnm
736 2081 1058 2143 sacerdotes
1101 2102 1206 2142 nec
1235 2082 1297 2143 in
1327 2080 1562 2144 ecclesia
1590 2103 1725 2141 cum
1756 2079 1966 2163 Anylis
1997 2081 2331 2143 orationum
2360 2082 2549 2166 officia

305 2168 592 2231 celebrare
650 2190 753 2229 nec
811 2170 896 2231 ad
954 2191 1217 2231 mensam
1279 2168 1543 2231 ciborum
1584 2169 1823 2253 fercula
1866 2190 1991 2252 pro
2046 2170 2302 2232 caritatis
2352 2171 2550 2254 qratia

296 2258 524 2343 pariter
560 2258 863 2341 percipere
906 2258 1304 2340 eliquarentur,
1352 2259 1495 2342 quin
1537 2259 1697 2320 inmo
1720 2258 2069 2343 fraymenta
2097 2258 2471 2342 ferculorum
2499 2270 2550 2320 et

304 2346 584 2429 reliquias
629 2346 940 2431 epularum
989 2346 1297 2409 lurconum
1326 2367 1539 2408 canum
1568 2347 1806 2409 rictibus
1837 2357 1888 2408 et
1916 2348 2236 2411 immundis
2267 2350 2548 2410 devoran-

308 2437 417 2498 das
464 2436 669 2518 porcis
716 2433 1101 2519 projicerent,
1160 2435 1398 2498 vascula
1457 2458 1680 2520 quoque
1726 2447 1777 2498 et
1801 2435 2161 2522 fialas..
2206 2483 2217 2496 .
2267 2437 2549 2500 cineribus

307 2525 604 2607 eapianda
645 2526 1088 2607 puryandaque
1120 2526 1562 2607 praeciperent3
1622 2535 1674 2586 et
1718 2526 1772 2586 si
1813 2524 2044 2609 quilibet
2088 2526 2161 2587 de
2207 2524 2423 2608 Αηρίίθ
2455 2522 2551 2586 ad

307 2634 399 2676 eos
444 2612 749 2676 habitandi
790 2635 969 2675 causa
1000 2615 1423 2695 perrexissent,
1479 2636 1593 2675 non
1627 2614 1806 2696 prius
1851 2615 1935 2676 ad
1980 2636 2084 2676 con
2086 2616 2332 2676 sortium
2375 2616 2546 2677 soda-

305 2702 481 2765 litatis
511 2723 650 2764 suae
678 2703 999 2765 adsciscere
1027 2703 1426 2785 (liquarentur,
1470 2725 1652 2785 quam
1680 2704 2075 2786 quadraginta
2105 2704 2332 2765 dierum
2356 2704 2551 2785 spatia

305 2793 369 2854 in
385 2792 738 2873 poenitendo
757 2812 1047 2874 perayere
1077 2790 1552 2872 compellerentur
1584 2792 1914 2871 (Aldhelmi
1947 2814 2037 2872 ep.
2071 2792 2163 2853 ad.
2197 2793 2337 2854 Ger.
2367 2796 2415 2855 J
2415 2794 2547 2868 affe

307 2883 597 2941 Biblioth.
644 2903 758 2941 rer.
806 2881 1006 2941 Germ.
1052 2882 1158 2940 III
1203 2903 1294 2960 ep.
1348 2883 1377 2941 1
1429 2903 1488 2960 p.
1538 2883 1623 2940 28
1671 2889 1734 2941 et
1781 2884 1908 2959 29).

485 2971 614 3031 Soli
660 2971 1155 3049 septentrionales
1201 2971 1505 3044 Britones‚
1555 2971 1658 3048 qui
1702 2971 1961 3030 Romani
2008 2970 2360 3031 dicebantur
2406 2970 2549 3047 (vid.

306 3081 486 3138 supra
532 3082 589 3138 p.
644 3061 749 3137 13)
812 3060 1003 3120 minus
1069 3061 1267 3120 infesti
1333 3066 1504 3118 erant
1550 3059 1784 3138 Anglis.
1877 3059 2069 3120 Iidem
2130 3081 2239 3139 per
2298 3061 2551 3137 triginta

307 3170 492 3209 annos
532 3149 1157 3225 Nordanhymbrorum
1194 3150 1553 3226 Anglorum‚
1578 3150 1825 3227 imperio
1872 3150 2125 3225 subjecti
2172 3156 2341 3209 erant
2388 3153 2549 3225 (ann.

310 3238 657 3297 657—685
707 3240 776 3297 of.
811 3237 1007 3297 Skene
1055 3238 1104 3312 Ι,
1151 3260 1208 3317 p.
1245 3239 1399 3315 267)
1447 3246 1509 3298 et
1553 3259 1674 3301 una
1719 3259 1848 3297 cum
1883 3239 2099 3316 Anglis
2131 3238 2550 3311 Cudberctum‚

307 3328 695 3387 clarissimum
757 3328 920 3386 illum
982 3328 1260 3388 abbatem
1324 3334 1385 3387 et
1443 3334 1653 3406 postea
1715 3327 2082 3407 episcopum,
2144 3327 2248 3404 qui
2308 3328 2551 3387 natione

308 3416 612 3476 Hibernus
660 3416 881 3493 (Skene
914 3416 998 3489 II,
1045 3436 1101 3494 p.
1137 3416 1290 3492 205)
1338 3421 1538 3475 tamen
1568 3417 1975 3476 Romanorum
2021 3416 2283 3476 moribus
2330 3417 2550 3494 optime

309 3504 613 3584 cupiebat,
669 3509 794 3582 jam
855 3505 1056 3566 vivum
1116 3511 1386 3564 sanctum
1444 3526 1633 3582 paene
1694 3507 2136 3566 venerabantur
2196 3504 2417 3582 (Skene
2462 3503 2550 3579 II,

307 3616 365 3672 p.
415 3595 541 3652 206
591 3597 761 3671 sqq.).
850 3595 1050 3668 Unde,
1098 3600 1168 3655 ut
1213 3594 1448 3674 opinor,
1509 3595 1731 3654 factum
1781 3600 1897 3668 est,
1957 3599 2028 3653 ut
2070 3594 2158 3668 hi,
2207 3614 2549 3672 quanquam

306 3703 462 3742 anno
511 3682 637 3741 685
684 3684 1020 3743 libertatem
1068 3690 1583 3762 recuperaverant,
1630 3690 1828 3743 tamen
1874 3684 2073 3763 paullo
2118 3689 2257 3762 post
2301 3690 2550 3744 mortem

306 3772 630 3831 Cudbercti
672 3771 741 3848 (†
774 3773 925 3850 687)
959 3773 1138 3850 primi
1182 3773 1442 3831 omnium
1468 3772 1785 3832 Britonum
1817 3773 2169 3832 admonente
2194 3771 2551 3832 Adamnano

305 3862 523 3920 abbate
586 3860 822 3920 Hiiensi
876 3861 1069 3937 (Beda
1122 3863 1176 3923 h.
1234 3882 1283 3920 e.
1334 3861 1390 3936 5,
1443 3862 1521 3919 15
1571 3863 1606 3941 ξ
1653 3862 1809 3938 402)
1866 3860 2271 3920 Romanorum
2330 3862 2552 3939 pascha

305 3951 463 4009 ultro
524 3950 861 4029 reciperent
920 3951 1203 4027 (quonam
1258 3970 1413 4009 anno
1458 3951 1571 4009 hoc
1617 3952 1838 4010 factum
1886 3950 1989 4024 sit,
2051 3949 2350 4029 discrepat
2393 3951 2553 4009 inter

306 4039 656 4117 scriptores:
713 4035 1082 4119 „probably“
1133 4039 1260 4097 704
1312 4039 1391 4099 H.
1440 4040 1557 4098 and
1605 4039 1692 4100 St.
1737 4038 1825 4113 Π,
1878 4040 1909 4098 1
1958 4060 2018 4118 p.
2069 4040 2105 4097 3
2156 4045 2215 4098 et
2265 4041 2336 4111 6;
2388 4039 2548 4098 688:

305 4128 500 4188 Skene
532 4128 619 4202 ΙΙ,
666 4149 722 4205 p.
759 4128 883 4187 219
935 4127 1008 4186 cf.
1054 4128 1254 4204 infra).
1330 4128 1482 4188 Inde
1514 4128 1789 4188 Sedulius
1820 4127 2165 4209 „episcopus
2194 4125 2553 4188 Britanniae

305 4216 378 4275 de
426 4235 631 4297 yenere
678 4214 1049 4288 Scotorum“,
1110 4216 1214 4292 qui
1272 4237 1426 4277 anno
1487 4218 1610 4275 721
1673 4218 1919 4278 concilio
1976 4238 2011 4276 a
2057 4215 2350 4294 Gregorio
2394 4237 2551 4295 papa

306 4305 368 4365 in
413 4307 560 4366 urbe
591 4305 784 4366 Roma
829 4306 1035 4365 habito
1081 4306 1353 4366 interfuit
1401 4306 1504 4385 (H.
1553 4306 1669 4366 and
1702 4305 1792 4366 St.
1830 4306 1916 4382 II,
1971 4308 1998 4364 1
2055 4327 2109 4386 p.
2145 4308 2226 4385 7),
2273 4326 2391 4365 non
2423 4305 2550 4367 sine
