3134 5034
1229 278 1669 336 —65—

329 455 485 515 alter
531 452 771 530 quidam
821 453 1127 532 episcopus
1187 456 1251 514 in
1306 456 1729 515 monasterium
1775 463 2022 516 venerat
2069 460 2163 535 (ut
2205 458 2374 517 Beda
2418 460 2475 517 h.
2523 481 2575 519 6.

329 544 390 614 3,
438 544 540 615 21,
590 543 626 619 ξ
662 544 835 619 212),
882 543 956 602 iis
1002 564 1122 603 non
1166 545 1371 604 liceret
1413 545 1623 604 relicto
1669 546 2027 605 monasterio
2068 548 2463 624 peregrinatis
2507 549 2573 607 in

325 631 476 690 alias
521 632 795 708 regiones
842 631 1038 691 officia
1082 633 1344 711 episcopi
1389 653 1522 692 cum
1583 633 1868 711 simplicis
1927 635 2201 708 monachi
2244 636 2373 696 vita
2419 657 2571 696 com-

326 728 582 779 mutare.
629 754 718 764 —-
762 720 940 781 Unde
983 721 1113 780 fieri
1160 722 1376 800 potuit,
1423 729 1493 781 ut
1537 722 1659 781 duo
1701 724 1796 782 vel
1841 724 2041 801 plures
2095 724 2159 782 in
2203 743 2322 783 uno
2369 746 2575 785 mona-

324 809 510 868 sterio
555 816 1061 869 commorarentur
1106 811 1387 889 episcopi,
1436 811 1582 887 quin
1637 811 1819 870 etiam
1865 812 2090 872 factum
2137 820 2246 885 est,
2291 821 2361 873 ut
2407 815 2567 873 affir-

321 903 452 957 mat
494 897 762 960 Toddius
808 899 952 973 (vid.
983 899 1260 976 Loening
1305 899 1395 971 ΙΙ,
1426 921 1484 978 p.
1517 899 1648 958 445
1681 906 1806 959 not.
1844 902 1924 976 1),
1970 901 2131 976 quod
2178 904 2575 980 comprobant

320 986 600 1045 Muirchu
646 987 777 1060 (vit.
809 987 975 1047 Patr.
1008 987 1266 1047 Betham
1298 987 1387 1061 ΙΙ,
1418 1010 1554 1066 app.
1588 1008 1646 1065 p.
1678 988 1806 1064 XI)
1847 996 1910 1048 et
1942 989 2309 1050 Tirechanus
2341 993 2567 1066 (annot.

322 1074 403 1133 ib.
437 1074 748 1151 XXVII),
794 1076 1015 1156 quippe
1061 1077 1166 1153 qui
1208 1076 1492 1136 finxerint
1539 1076 1794 1136 Patricii
1833 1080 1959 1152 jam
2004 1079 2374 1156 temporibus
2419 1080 2575 1139 duos

301 1163 635 1241 ‘episcopos
682 1164 885 1222 eodem
933 1172 1201 1243 tempore
1247 1166 1439 1225 eidem
1485 1166 1764 1225 ecclesiae
1810 1167 2153 1244 praefuisse.

501 1252 671 1311 Haec
715 1252 790 1311 de
836 1254 1129 1332 episcopis
1158 1253 1694 1327 monasterialibus,
1726 1287 1811 1300 --
1840 1255 2160 1315 incertiora
2189 1276 2346 1329 sane,
2389 1276 2571 1333 quam.

319 1346 391 1399 ut
434 1361 530 1399 me
572 1341 768 1417 ipsum
812 1342 1142 1419 impediant
1187 1351 1430 1421 optare,
1471 1350 1542 1402 ut
1586 1343 1733 1402 haec
1778 1349 1908 1402 tota
1963 1344 2036 1404 de
2093 1344 2386 1422 episcopis
2441 1365 2563 1404 mo·

320 1429 744 1489 nasterialibus
805 1431 1075 1507 quaestio
1138 1432 1390 1492 exclusis
1450 1431 1695 1491 incertis
1753 1432 2150 1508 posteriorum
2208 1434 2571 1493 testimoniis

318 1519 514 1577 denuo
574 1523 872 1578 tractetur
930 1520 1007 1578 ab
1069 1520 1170 1591 iis,
1234 1521 1339 1598 qui
1398 1541 1493 1580 res
1551 1520 1917 1580 Hibernicas
1973 1521 2213 1599 penitus
2270 1523 2566 1582 noverint.

320 1607 496 1681 Quod
543 1607 594 1666 si
638 1607 863 1666 factum
911 1608 1044 1682 erit,
1086 1629 1262 1687 spero
1306 1612 1450 1682 fore,
1495 1615 1565 1668 ut
1605 1609 1977 1669 manifestius
2019 1609 2145 1681 fiat,
2192 1611 2351 1687 quod
2382 1631 2564 1689 supra

319 1695 616 1769 contendi,
661 1696 725 1754 in
772 1696 1032 1756 ecclesia.
1048 1696 1364 1757 Scotorum
1405 1706 1650 1775 praeter
1694 1698 1805 1756 hos
1847 1698 2295 1759 monasteriales
2341 1720 2561 1776 nequa·

321 1804 499 1860 quam
546 1784 802 1844 defuisse
848 1786 1158 1864 episcopos
1200 1786 1587 1864 parochiales.

497 1872 601 1931 An
647 1873 801 1947 inde,
850 1875 1011 1951 quod
1054 1875 1118 1933 in
1149 1874 1351 1934 Gallia
1384 1876 1605 1934 saeculi
1636 1875 1832 1934 octavi
1862 1875 2233 1954 temporibus
2272 1895 2567 1935 nonnum—

317 1981 497 2037 quam
555 1962 738 2020 iidem
797 1963 1064 2040 episcopi
1123 1964 1566 2024 monasteriales
1623 1963 2010 2023 inveniuntur
2061 1997 2137 2007 —
2187 1984 2257 2023 ac
2322 1964 2565 2041 quidem·

316 2050 667 2127 plerumque
710 2051 829 2124 ita,
892 2059 961 2111 ut
1005 2052 1122 2131 ipsi
1168 2054 1418 2113 abbates
1461 2052 1643 2111 iidem
1690 2052 1953 2130 episcopi
1997 2051 2183 2112 fuisse
2224 2051 2567 2124 videantur,

315 2138 518 2222 rarius!
554 2139 666 2212 ita,
727 2146 796 2198 ut
842 2140 1105 2220 episcopi
1164 2141 1255 2200 illi
1312 2141 1696 2219 reperiantur
1736 2141 1801 2199 in
1846 2140 2268 2200 monachorum
2312 2160 2566 2200 numero

314 2234 624 2286 versantes
682 2235 743 2288 et
804 2229 1150 2306 abbatibus·
1183 2230 1436 2306 subjecti
1488 2264 1568 2274 —-
1617 2230 1890 2306 sequitur
1948 2236 2092 2289 tunc
2149 2230 2435 2307 temporis
2493 2230 2563 2288 in

316 2312 518 2375 Gallia
565 2316 822 2376 defuisse
868 2317 1034 2377 sedes
1082 2318 1491 2397 episcopales?
1536 2318 1731 2378 Immo
1777 2318 1895 2396 ipsi
1940 2319 2362 2397 episcopalium
2410 2317 2561 2377 Gal·

313 2404 429 2461 liae
475 2404 713 2462 urbium
758 2407 1063 2482 praesules
1108 2414 1170 2466 et
1212 2407 1329 2485 ipsi
1368 2408 1637 2486 episcopi
1661 2406 1937 2479 Romani,
1985 2427 2137 2485 quae
2175 2410 2313 2483 jura
2360 2414 2568 2466 essent⁴

313 2491 727 2570 episcoporum
781 2495 1318 2569 monasterialium,
1379 2496 1717 2574 privilegiis
1758 2497 2154 2555 firmaverunt
2199 2495 2564 2572 (Harttung,

309 2601 367 2658 p.
418 2581 728 2657 34—47).
817 2582 972 2641 Eam
1032 2583 1226 2661 ipsam
1286 2586 1366 2644 ob
1426 2605 1665 2644 causam
1710 2584 2084 2661 Harttungio
2130 2585 2214 2661 (p.
2264 2584 2372 2660 34)
2435 2604 2561 2643 non

311 2670 628 2730 concedam
693 2670 1002 2748 episcopos
1057 2673 1193 2731 illos
1239 2674 1688 2733 monasteriales
1733 2673 2015 2732 ecclesiae
2062 2670 2412 2736 Gallicanae
2456 2678 2554 2731 ut-

309 2764 452 2836 pote
498 2760 574 2817 ab
621 2759 918 2837 episcopis
961 2762 1328 2837 gubernatae
1375 2769 1437 2840 et
1477 2762 1546 2821 in
1590 2762 1901 2839 parochias
1931 2761 2297 2839 episcopales
2326 2760 2562 2821 divisae

308 2854 432 2905 tam
478 2847 633 2906 male
681 2848 1022 2924 quadrasse,
1064 2855 1135 2908 ut
1179 2850 1375 2909 facere
1420 2869 1540 2909 non
1570 2850 1880 2927 possimus,
1925 2850 2070 2925 quin
2111 2854 2388 2926 putemus
2433 2870 2559 2909 non

308 2936 434 2993 sine
481 2955 664 3012 opera
711 2935 1023 2996 Scotorum
1069 2937 1291 2996 factum
1338 2959 1492 3011 esse,
1548 2944 1619 2996 ut
1672 2937 1739 2995 in
1783 2936 1984 2996 Gallia
2029 2956 2264 3013 quoque
2307 2937 2401 2994 illi
2445 2958 2553 3015 ap·

304 3030 571 3101 pareant.
632 3021 737 3084 Ab
768 3025 919 3102 ipso,
964 3025 1182 3102 inquit,
1211 3026 1575 3086 hierarchico
1605 3032 1771 3086 statu
1801 3026 2062 3104 episcopi
2102 3025 2560 3085 monasteriales

306 3113 558 3188 profecti
602 3133 732 3173 esse
775 3134 898 3173 non
939 3120 1210 3191 possunt.
1285 3115 1483 3192 Atqui
1527 3136 1563 3173 a
1608 3115 1980 3175 monasteriis
2027 3122 2088 3174 et
2134 3114 2199 3173 in
2245 3113 2444 3173 Gallia
2489 3121 2554 3173 et

305 3200 366 3258 in
412 3200 729 3261 Hibernia.
819 3203 1038 3280 Itaque
1082 3223 1222 3263 raro
1265 3204 1659 3264 inveniuntur
1701 3205 1764 3262 in
1812 3203 2037 3276 Gallia,
2100 3203 2334 3280 saepius
2388 3204 2553 3280 apud
2648 3259 2658 3265 .

305 3288 531 3361 Scotos,
587 3310 844 3366 quorum
886 3293 1163 3352 universa
1209 3294 1456 3352 ecclesia
1501 3292 1851 3351 monasterii
1901 3291 2156 3369 speciem
2202 3293 2557 3369 praebebat.

476 3379 616 3437 Huc
661 3379 820 3438 enim
850 3381 1103 3440 redeunt
1132 3381 1349 3454 omnia,
1390 3401 1541 3457 quae
1573 3381 1891 3457 conspicua
1922 3386 1983 3438 et
2011 3378 2335 3455 singularia
2365 3379 2556 3438 fuisse

301 3466 432 3527 visa
476 3474 617 3527 sunt
661 3469 834 3527 nobis
881 3470 1161 3529 ecclesiae
1192 3469 1505 3529 Scotorum
1537 3475 1761 3528 statum
1794 3466 2322 3527 considerantibus.
2391 3467 2551 3528 Nam

299 3554 582 3632 primitus
633 3576 825 3632 neque
884 3558 1148 3636 episcopi
1192 3578 1384 3635 neque
1429 3558 1764 3636 presbyteri
1809 3576 2001 3633 neque
2046 3556 2281 3615 diaconi
2326 3556 2389 3613 in
2434 3556 2549 3614 Hi-

298 3642 509 3701 bernia
553 3642 771 3703 diversi
816 3647 998 3706 fuisse
1042 3647 1324 3707 videntur
1367 3648 1442 3706 ab
1489 3647 1583 3720 iis,
1631 3646 1735 3722 qui
1778 3645 1843 3703 in
1888 3644 2021 3704 aliis
2067 3644 2326 3704 ecclesiis
2357 3652 2554 3718 erant,

298 3731 400 3792 sed
461 3730 733 3790 omnihus
791 3732 912 3793 illis
973 3753 1294 3812 eorumque
1353 3736 1564 3795 officiis
1610 3736 1740 3795 vita
1797 3733 2140 3794 monachica
2183 3734 2548 3812 peculiarem

298 3820 593 3897 quandam
637 3821 892 3897 speciem
938 3823 1375 3884 conciliaverat.
1452 3825 1616 3898 Quin
1663 3823 1842 3884 etiam
1883 3829 2013 3882 tota
2044 3823 2291 3881 ecclesia
2321 3823 2545 3900 etipsa

296 3910 580 3969 laicorum
626 3909 756 3968 vita
800 3911 978 3970 certis
1022 3913 1409 3972 monachatus
1454 3914 1643 3990 signis
1690 3918 1902 3971 notata
1947 3918 2095 3973 erat.
2169 3912 2326 3972 Nam
2370 3919 2439 3971 ut
2478 3912 2546 3970 in

294 3998 670 4058 monasteriis
713 3999 987 4057 monachi
1032 4001 1229 4060 omnia
1273 4022 1381 4061 sua
1425 4008 1673 4079 peccata
1718 4001 2036 4060 abbatibus
2083 3999 2349 4058 confiteri
2392 4001 2541 4059 sole·

294 4087 453 4159 bant,
499 4094 569 4146 ut
612 4088 717 4146 ille
761 4088 1164 4164 poenitentiae
1203 4110 1506 4149 mensuras
1538 4089 1834 4162 definiret,
1879 4089 1967 4148 ita
1999 4089 2179 4148 etiam
2209 4088 2348 4146 laici
2378 4109 2549 4146 more

294 4175 368 4234 ad
426 4175 489 4233 id
546 4181 783 4254 tempus
842 4177 904 4234 in
964 4176 1097 4235 aliis
1158 4178 1436 4237 ecclesiae
1497 4178 1772 4256 partibus
1832 4178 2118 4237 inusitato
2179 4177 2378 4235 omnia
2432 4197 2543 4235 sua

292 4271 534 4342 peccata
594 4264 1001 4324 sacerdotibus
1062 4265 1502 4325 confitebantur
1559 4266 1935 4341 (Adamnan,
1990 4267 2095 4327 vit.
2152 4264 2277 4327 Col.
2332 4268 2385 4340 1,
2439 4267 2546 4339 17,

293 4374 349 4429 p.
399 4354 563 4425 2043
617 4355 671 4427 1,
721 4352 825 4427 40,
870 4374 930 4431 p.
979 4355 1140 4427 2123
1190 4355 1249 4428 2,
1300 4356 1399 4428 70,
1448 4377 1506 4432 p.
1556 4356 1729 4431 222).

2076 4458 2107 4511 5
