3134 5034
1476 310 1918 372 ...ω-

573 511 632 569 Ρ.
666 487 837 567 208).
899 487 1258 568 Ubicunque
1289 491 1445 549 enim
1491 492 1782 570 perfectio
1830 492 2153 552 christiana
2196 491 2260 552 in
2306 494 2464 554 votis
2509 495 2825 557 monacho-

574 600 705 638 rum
755 583 1024 640 constare
1069 579 1309 639 videtur
1355 581 1454 656 (cf.
1505 600 1687 658 supra
1733 602 1858 657 syn.
1905 581 2052 640 Luc.
2101 582 2259 643 Vict.
2307 583 2450 661 IX),
2520 586 2609 645 ibi
2653 607 2825 666 supe-

571 668 791 727 riorum
840 669 1133 745 graduum
1179 669 1381 727 clerici
1424 670 1489 728 in
1534 670 1931 729 matrimoniis
1983 670 2186 730 vivere
2232 672 2332 731 vix
2379 676 2648 752 possunt.
2719 673 2822 735 An

572 757 713 816 licet
758 757 1065 837 episcopos
1110 759 1305 817 minus
1350 759 1649 837 perfectos
1705 779 1832 818 esse
1886 780 2065 836 quam
2110 762 2476 821 monachos?
2544 763 2823 824 Profecto

572 867 692 904 11011
746 846 948 920 1101111,
1018 867 1154 905 110111
1209 848 1568 924 simulatque
1625 848 1847 926 duplex
1902 849 2144 909 vivendi
2198 870 2439 924 norma,
2507 852 2654 912 haec
2699 874 2822 912 mo·

572 935 911 1008 nachorum,
957 935 1062 994 illa
1093 936 1359 1009 aliorum,
1407 937 1470 994 in
1503 936 1810 995 ecclesiam
1841 943 2082 1017 recepta
2114 945 2221 1012 est,
2267 940 2400 999 fieri
2446 962 2563 1000 non
2604 943 2820 1020 potuit,

577 1024 720 1101 quin
752 1044 888 1082 mox
920 1024 1198 1097 ecclesiae
1240 1025 1582 1086 doctoribus
1629 1026 1949 1100 videretur,
1997 1033 2066 1086 ut
2113 1029 2485 1107 superiorum
2528 1031 2821 1108 graduum

573 1113 769 1172 clerici
815 1133 851 1171 a
897 1114 1171 1191 conjugio
1220 1115 1332 1188 vel,
1381 1115 1432 1173 si
1479 1121 1659 1174 antea
1703 1136 1918 1175 uxores
1964 1117 2288 1191 duxerant,
2336 1139 2371 1177 a
2417 1120 2642 1178 carnali
2689 1141 2821 1181 cum

572 1202 923 1278 conjugibus
969 1203 1377 1263 communione
1423 1204 1815 1264 abstinerent.
1908 1203 2030 1265 Sed
2068 1209 2194 1282 jam
2241 1207 2386 1267 satis
2432 1213 2523 1266 est
2566 1210 2820 1268 medita-

570 1291 826 1365 tionum,
888 1292 1197 1352 redeamus
1254 1293 1330 1351 ad
1387 1291 1645 1352 Gildam.
1738 1294 1896 1369 Quid
1958 1294 2074 1354 sibi
2119 1296 2340 1355 vellent
2383 1298 2596 1370 verba,
2668 1318 2823 1375 quae

570 1380 746 1438 Pauli
793 1381 1048 1457 apostoli
1092 1381 1212 1440 illis
1259 1383 1320 1458 (1
1375 1382 1526 1443 Τ1111.
1577 1383 1634 1456 3,
1683 1384 1749 1459 4)
1796 1384 1869 1442 de
1915 1383 2039 1444 suis
2086 1383 2319 1445 addidit
2362 1385 2593 1445 dicens.
2647 1407 2822 1468 „eryo

568 1466 909 1550 imperfecta
954 1477 1036 1529 est
1075 1478 1319 1552 patrum
1363 1469 1617 1547 castitas,
1666 1470 1720 1531 si
1763 1470 1950 1532 eidem
1994 1480 2047 1531 et
2088 1491 2207 1532 non
2229 1471 2503 1556 filioram
2548 1495 2813 1535 accumu-

570 1555 734 1617 letur.
826 1554 950 1618 Sed
1008 1557 1150 1640 quid
1204 1557 1337 1631 erit,
1406 1541 1508 1619 ub'z·
1565 1579 1669 1619 nec
1700 1569 1881 1640 pater
1939 1579 2041 1620 nec
2080 1559 2277 1645 filiae,
2344 1560 2495 1622 mali
2546 1563 2813 1644 yenitorzs

571 1644 836 1725 exemplo
874 1655 1160 1726 pravatus
1206 1646 1557 1731 conspicitur
1602 1657 1837 1709 castue‘⁶
1894 1649 2037 1727 quid
2085 1651 2199 1710 sibi
2245 1652 2494 1724 vellent,
2559 1653 2807 1728 inquam,

571 1736 716 1794 haec
761 1737 974 1808 verba,
1021 1737 1137 1796 nisi
1184 1736 1395 1796 Gildas
1443 1738 1868 1798 abstinentiam
1915 1741 2244 1818 postularet
2291 1762 2327 1800 a
2373 1739 2808 1800 sacerdotibus?

572 1824 967 1898 „Castitatem
1023 1823 1554 1887 matrimonialem“
1604 1847 1780 1903 quam
1823 1827 2157 1887 Lutherum
2204 1829 2552 1889 Hermanno
2597 1831 2814 1888 Berus-

572 1935 770 1973 sorum
817 1914 953 1972 duci
999 1916 1252 1975 suasisse
1284 1921 1535 1989 constat,
1584 1936 1763 1991 quam
1794 1915 2174 1994 Paphnutius
2205 1918 2268 1976 in
2300 1919 2522 1995 synodo
2554 1918 2815 1979 Nicaena

570 2003 844 2063 laudasse
888 2004 1165 2078 traditur,
1200 2003 1430 2078 Gildae,
1479 2004 1702 2082 quippe
1749 2006 1853 2081 qui
1899 2006 2307 2083 virginitatem
2353 2007 2596 2066 maximi
2640 2005 2812 2065 aesti-

571 2094 856 2166 maverit,
926 2094 990 2151 111
1046 2094 1242 2152 01111110
1298 2094 1480 2152 fuisse
1528 2094 1673 2151 mihi
1720 2095 2078 2172 persuadere
2124 2116 2243 2154 non
2289 2115 2542 2171 possum.
2634 2096 2817 2155 Prae-

570 2188 745 2241 terea'
767 2202 837 2240 ex
869 2182 995 2241 loco
1028 2183 1283 2258 quodam
1316 2180 1564 2241 obscuro
1599 2180 1837 2259 (Gildas
1870 2204 1959 2260 ep.
1992 2185 2146 2260 §66,
2178 2204 2234 2259 Ρ.
2259 2185 2294 2239 7
2303 2185 2360 2256 2,
2392 2203 2527 2242 vers
2555 2187 2590 2241 7
2601 2185 2817 2258 -11),

573 2289 748 2347 quem
797 2271 1132 2330 accuratius
1180 2270 1478 2349 explicare
1527 2271 1773 2348 longum
1820 2277 1927 2344 est,
1991 2271 2052 2329 id
2100 2271 2336 2347 quidem
2382 2273 2590 2349 procul
2636 2272 2817 2330 dubio

571 2360 811 2419 videtur
840 2379 1013 2437 posse
1045 2360 1244 2437 colligi
1291 2361 1626 2420 sacerdotes
1672 2362 2023 2439 plerumque
2069 2361 2131 2419 in
2178 2360 2380 2419 eadem
2427 2360 2602 2420 domo
2648 2360 2817 2419 habi-

570 2455 729 2508 tasse
761 2469 893 2508 cum
925 2449 1226 2508 sororibus
1258 2450 1353 2509 vel
1400 2450 1709 2523 matribus,
1756 2450 1946 2526 iisque
1992 2454 2198 2508 contra
2241 2452 2334 2509 fas
2382 2451 2640 2528 expulsis
2686 2468 2817 2509 cum

570 2536 818 2598 emerui-3
849 2534 1077 2598 ancillis
1086 2559 1108 2609 ‚·
1142 2573 1222 2586 -
1257 2539 1330 2597 (10
1363 2540 1715 2616 conjugibus
1744 2558 1885 2598 vero
1917 2539 1981 2596 in
2011 2538 2122 2597 hoc
2159 2541 2287 2610 loco
2328 2540 2413 2598 nil
2459 2541 2634 2601 inest.
2694 2536 2817 2597 Ita-

571 2647 685 2702 que
718 2626 833 2685 etsi
864 2627 1148 2686 confiteor
1178 2648 1304 2686 rem
1336 2627 1705 2705 argumentis
1737 2626 1881 2685 satis
1912 2626 2138 2686 idoneis
2169 2626 2280 2684 hoc
2311 2629 2439 2686 loco
2471 2629 2663 2687 adhuc
2697 2648 2817 2686 non

570 2736 742 2794 posse
791 2715 1135 2776 confirmari·
1174 2718 1272 2793 (cf.
1320 2717 1501 2793 infra)
1547 2721 1748 2775 tamen
1808 2714 2095 2792 suspicari
2147 2715 2287 2773 licet
2333 2716 2494 2793 apud
2539 2716 2818 2775 Britones

572 2805 799 2864 clericis
829 2805 945 2864 nisi
974 2805 1037 2863 in
1067 2799 1450 2865 inferioribus
1480 2805 1767 2882 gradibus
1813 2823 1922 2881 per
1965 2803 2127 2880 leges
2172 2822 2291 2861 non
2337 2804 2572 2864 licuisse
2617 2805 2817 2864 vivere

512 2935 519 2940 -
571 2894 632 2952 in
680 2894 1087 2957 matrimoniis.
1178 2895 1401 2954 Illicita
1461 2900 1661 2954 autem
1718 2899 1779 2952 01
1823 2891 2136 2969 illegitima
2182 2893 2559 2952 matrimonia
2604 2894 2814 2952 nihilo-

482 3024 495 3037 .
572 2983 763 3041 minus
805 3004 1090 3061 persaepe
1132 2989 1440 3043 contracta
1486 3003 1613 3041 esse
1660 2981 2078 3060 suspicandum
2126 2985 2295 3054 esset,
2344 2982 2575 3041 etiamsi
2606 2980 2817 3041 Gildas

569 3071 656 3129 nil
701 3071 774 3127 de
818 3071 927 3128 hac
986 3091 1052 3129 re
1097 3071 1336 3129 diceret.
1429 3069 1550 3128 Sed
1611 3068 1823 3128 Gildas
1883 3069 2122 3127 minime
2182 3069 2420 3128 silentio
2481 3071 2633 3130 hanc
2691 3090 2817 3131 rem

569 3158 897 3238 praeteriit.
989 3159 1180 3217 Immo
1241 3178 1383 3218 vero
1443 3158 1572 3235 ipse
1631 3158 1803 3216 testis
1864 3162 1984 3229 est,
2053 3156 2234 3215 fuisse
2291 3163 2435 3216 tunc
2480 3159 2817 3219 sacerdotes

571 3247 787 3324 quibus
830 3248 1030 3325 plures
1075 3267 1288 3306 uxores
1335 3251 1550 3305 essent.
1643 3245 1797 3304 Nam
1848 3241 2086 3315 „uniu3,
2155 3244 2353 3321 inquit
2408 3247 2525 3324 (ep.
2574 3248 2610 3325 ξ
2666 3249 2816 3325 108)

570 3335 773 3396 uxori-3
830 3334 1062 3396 virum‘⁶
1024 3333 1125 3394 ⁶⁶!
1161 3331 1366 3410 „Quid
1418 3333 1503 3394 ita
1548 3332 1716 3416 apud
1758 3351 1859 3392 vos
1902 3351 2125 3413 quoque
2168 3333 2581 3408 contemnitur,
2650 3335 2820 3416 quasi

569 3445 687 3486 non
729 3424 1048 3496 audiretur,
1095 3421 1184 3484 vel
1224 3423 1383 3484 idem
1427 3421 1617 3484 dicere
1661 3429 1714 3480 et
1759 3422 1857 3499 [an
1905 3415 2177 3499 άίοενθιῗ]
2223 3421 2417 3482 virum
2460 3431 2771 3485 uxorumf‘

704 3515 916 3589 .Quae
949 3535 1080 3574 cum
1120 3513 1209 3572 ita
1255 3513 1393 3584 sint,
1442 3512 1759 3570 Britonum
1808 3510 2109 3568 ecclesiam
2156 3511 2267 3570 hac
2313 3513 2570 3572 secunda
2614 3516 2812 3570 aetate

571 3625 607 3661 a
653 3604 946 3661 communi
1006 3603 1289 3662 ecclesiae
1348 3599 1772 3659 consuetudine
1833 3598 2094 3657 moribus
2149 3601 2243 3659 vel
2300 3600 2417 3661 fide
2473 3600 2815 3661 dissensisse

571 3690 760 3748 adhuc
806 3711 924 3749 non
971 3692 1191 3764 habeo,
1256 3691 1471 3768 quibus
1518 3689 1911 3767 comprobem.
2003 3687 2313 3749 Ebrardus
2359 3690 2676 3748 Britonum
2725 3711 2814 3748 ec-

571 3779 804 3837 clesiam
866 3785 1205 3838 sanctorum
1268 3780 1461 3838 cultus
1524 3783 1828 3856 expertem
1872 3776 2053 3835 fuisse
2100 3776 2373 3837 affirmat.
2465 3775 2660 3851 Atqui
2708 3777 2814 3834 du-

570 3868 735 3925 bium
795 3874 887 3927 est
941 3889 1019 3927 an
1065 3867 1309 3927 Gildam
1378 3867 1593 3944 legerit
1642 3868 1736 3943 (cf.
1769 3886 1948 3945 supra
1992 3866 2347 3944 Ρ.8,1101.).
2439 3864 2592 3923 Nam
2640 3862 2816 3921 aliter

569 3976 693 4014 rem
754 3977 879 4016 sese
937 3957 1157 4016 habere
1205 3955 1415 4015 Gildas
1475 3962 1566 4017 est
1626 3955 1798 4015 testis
1861 3956 1959 4031 (cf.
2005 3954 2141 4013 hist.
2204 3956 2239 4031 ξ
2291 3953 2391 4026 28,
2438 3972 2495 4027 Ρ.
2546 3950 2657 4007 37:
2705 3950 2814 4010 deo

560 4044 831 4126 primum
863 4040 1442 4125 jure(que)jurand0,
1487 4052 1824 4111 sanctorum
1853 4039 2089 4103 demum
2119 4038 2322 4101 choris.
2355 4039 2426 4095 cf.
2459 4037 2594 4096 hist.
2630 4038 2664 4114 ξ
2706 4040 2733 4096 1
2746 4041 2812 4116 0)

570 4154 761 4209 neque
793 4135 1106 4193 obscurum
1148 4139 1237 4192 est
1283 4136 1607 4211 permultas
1653 4134 1717 4191 in
1748 4131 2067 4191 Britannia
2111 4129 2290 4188 fuisse
2336 4131 2672 4184 sanctorum
2719 4147 2811 4185 ec-

570 4222 778 4282 clesias
824 4223 921 4299 (cf.
968 4222 1046 4280 H.
1096 4222 1215 4280 and
1261 4221 1349 4284 St.
1397 4222 1448 4295 I,
1496 4243 1551 4299 p.
1586 4223 1669 4280 37
1719 4241 1806 4297 sq.
1855 4226 1916 4279 et
1960 4218 2128 4276 Beda
2173 4215 2230 4272 h.
2278 4235 2324 4272 e.
2364 4216 2417 4286 1,
2467 4211 2566 4286 26,
2613 4214 2810 4293 356).

748 4311 985 4389 Neque,
1030 4316 1101 4369 ut
1147 4310 1295 4369 illud
1341 4330 1578 4387 quoque
1623 4309 1883 4368 Ebrardi
1935 4307 2280 4385 figmentum
2328 4302 2577 4374 diluam,
2624 4303 2810 4363 ullum

571 4404 767 4457 exstat
822 4400 1224 4458 testimonium
1241 4444 1255 4473 ,
1322 4399 1480 4476 quod
1537 4399 1884 4475 comprobet
1946 4392 2274 4453 doctrinam
2330 4391 2403 4449 de
2458 4391 2812 4452 eucharistia
