3134 5034
1190 273 1627 335 -49-

291 458 454 534 Quid
527 458 765 532 mirum,
838 458 995 533 quod
1062 458 1125 516 in
1195 459 1348 516 libro
1409 455 1831 516 Ardmachano
1898 456 2008 516 hoc
2076 454 2204 516 loco
2274 454 2527 534 margini

270 549 614 626 ,ascriptum
662 554 776 607 est:
823 545 1112 618 „incertus
1141 545 1319 608 libevss‘
1350 547 1455 623 (H.
1488 547 1607 605 and
1639 545 1725 605 St.
1756 544 1842 619 ΙΙ,
1878 547 1935 618 2,
1966 568 2024 624 p.
2060 547 2184 604 300
2218 552 2340 605 not.
2380 546 2527 624 15)?

291 638 438 714 quid
484 637 715 711 mirum,
764 636 921 714 quod
966 637 1114 694 illud
1159 656 1272 707 „eat
1315 656 1355 694 a
1403 630 1673 697 Gallz‘cw“
1717 635 1779 693 in
1826 635 2023 693 codice
2069 656 2225 697 mon.
2274 635 2362 695 St.
2407 636 2526 695 Ve-

288 728 473 799 dasti,
538 748 654 804 quo
710 725 1035 785 Bollandus
1090 746 1231 784 usus
1289 732 1378 785 est
1433 726 1537 803 (H.
1571 725 1688 783 and
1720 723 1807 783 St.
1839 726 1877 782 1.
1911 726 2014 799 c.)‚
2061 725 2335 784 omissum
2398 724 2529 784 est?

291 816 523 891 Quodsi
568 816 851 875 nonnulla
898 816 1112 874 omissa
1157 822 1296 874 sunt
1327 850 1409 860 -—
1444 835 1636 890 neque
1682 813 1958 873 dubitare
2004 813 2160 887 licet,
2209 815 2353 891 quin
2398 834 2528 890 per·

290 907 481 964 multa
529 906 740 964 omissa
786 905 933 979 sint,
995 925 1130 963 nam
1176 905 1409 984 saepius
1456 905 1520 962 in
1564 904 1719 962 libro
1764 902 2184 962 Ardmachano
2230 904 2531 962 invenitur

289 1003 389 1066 „et
417 991 678 1075 reliqua“
710 994 814 1070 (H.
841 994 958 1053 and
982 993 1069 1052 St.
1102 994 1187 1066 H,
1222 995 1279 1067 2,
1310 1016 1368 1072 p.
1398 994 1520 1052 307
1555 1000 1679 1051 not.
1708 993 1791 1049 28
1817 998 1877 1050 et
1902 993 2010 1068 31)
2042 1027 2139 1064 -—,
2170 992 2312 1051 licet
2339 993 2528 1070 suspi-

291 1084 419 1142 cari
466 1084 645 1142 etiam
691 1084 762 1141 de
807 1084 1124 1142 itineribus
1171 1083 1421 1142 Patricii
1464 1104 1573 1160 per
1619 1080 1847 1140 Gallias
1890 1087 2073 1158 atque
2104 1081 2343 1141 Italiam
2389 1083 2527 1141 olim

290 1174 358 1230 in
405 1173 766 1231 confessione
813 1174 1058 1251 planum
1103 1194 1170 1231 ac
1219 1173 1442 1231 clarum
1487 1170 1892 1231 testimonium
1936 1170 2199 1249 potuisse
2258 1171 2528 1230 inveniri.

291 1262 448 1323 Nam
503 1262 691 1321 adhuc
748 1263 923 1321 hodie
981 1263 1042 1320 in
1098 1262 1245 1340 ipsis
1284 1262 1548 1321 „Patricii
1607 1260 1846 1339 scriptis
1906 1280 2023 1318 non
2070 1260 2307 1333 desunt,
2379 1281 2529 1337 quae

291 1350 688 1428 suspicionem
761 1358 1039 1411 moveant
1100 1358 1400 1410 auctorem
1468 1352 1530 1409 in
1599 1350 1782 1409 Italia
1850 1351 2034 1410 fuisse
2091 1357 2530 1408 commoratum.

289 1441 529 1514 Nonne,
587 1442 638 1501 si
684 1441 953 1499 audimus
999 1430 1329 1499 Patricium
1375 1440 1693 1499 dicentem:
1761 1458 1945 1498 manu
1997 1458 2128 1499 mea
2182 1437 2392 1518 smper:
2421 1483 2434 1496 .
2467 1483 2481 1497 .
2515 1482 2529 1497 .

289 1526 464 1588 verba
506 1528 616 1589 ista
646 1531 985 1607 (epistulae)
1019 1528 1224 1589 danda
1268 1549 1338 1588 ac
1383 1528 1678 1589 tradenda
1720 1525 1994 1587 militibus
2038 1526 2318 1588 mittenda
2351 1524 2528 1587 Coro·

289 1616 416 1688 tici,
476 1639 591 1678 non
637 1618 768 1679 dico
813 1618 1027 1679 civibus
1071 1618 1213 1678 meis
1258 1627 1425 1700 atque
1470 1617 1680 1677 civibus
1724 1626 2058 1678 sanctorum
2103 1613 2531 1688 Romanorum,

290 1707 395 1766 sed
427 1751 441 1765 .
478 1753 490 1765 .
523 1752 536 1766 .
571 1710 687 1786 (ep.
726 1711 779 1782 1,
810 1730 869 1786 p.
905 1709 1058 1784 314)
1090 1710 1185 1767 vel
1230 1708 1571 1768 laudantem
1619 1708 2096 1767 consuetudinem
2127 1707 2530 1766 Romanorum

291 1799 391 1873 (cf.
455 1800 688 1875 supra),
759 1798 1175 1875 suspicandum
1248 1805 1337 1858 est
1406 1799 1668 1874 aliquam
1727 1817 1989 1874 unquam
2050 1797 2531 1856 consuetudinem

292 1887 477 1945 fuisse
523 1887 787 1946 Patricio
836 1907 969 1945 cum
1012 1887 1340 1946 Romanis?
1386 1886 1578 1946 Immo
1624 1887 1784 1945 haud
1829 1886 1948 1945 scio
1998 1907 2074 1944 an
2119 1886 2296 1944 liceat
2342 1885 2530 1963 suspi-

295 1977 420 2034 cari
468 1976 664 2053 ipsum
710 1983 1036 2050 auctorem,
1093 1977 1195 2052 qui
1242 1977 1476 2054 saepius
1525 1997 1555 2035 e
1602 1975 1888 2035 servitute
1935 1975 2253 2033 liberatum
2298 1996 2360 2033 se
2408 1994 2532 2034 esse

294 2065 564 2138 tradidit,
612 2086 647 2123 a
694 2064 884 2125 Gallis
931 2067 1024 2125 vel
1070 2065 1360 2124 Romanis
1406 2085 1530 2124 esse
1577 2065 1964 2141 redemptum.

477 2156 643 2228 Quae
691 2175 821 2213 cum
866 2155 953 2213 ita
998 2155 1147 2227 sint,
1194 2155 1608 2231 gravissimum
1655 2174 1779 2213 esse
1824 2159 1971 2231 puto
2018 2154 2166 2212 illud
2214 2152 2534 2212 Tirechani

296 2247 392 2319 (cf.
434 2264 612 2321 supra
652 2265 710 2321 p.
756 2246 865 2320 37)
913 2245 1107 2322 ipsum
1167 2244 1495 2303 Patricium
1564 2243 1784 2302 dixisse
1855 2242 1915 2301 in
1985 2243 2533 2302 commemoratione

295 2334 563 2393 laborum
625 2354 749 2392 sese
809 2333 1120 2410 navigasse
1177 2353 1288 2412 per
1335 2332 1595 2393 Galliam
1657 2339 1837 2409 atque
1891 2331 2134 2391 Italiam
2188 2338 2377 2392 totam
2423 2338 2532 2391 etc.

298 2423 450 2482 Nam
497 2423 630 2498 quis
677 2428 853 2499 neget
908 2423 1130 2500 optime
1186 2423 1479 2499 quadrare
1525 2423 1710 2482 verba
1764 2422 1867 2480 illa
1922 2422 2109 2500 ipsius
2155 2422 2534 2482 confessionis

303 2511 668 2571 narrationi?
739 2511 897 2585 Quin
946 2512 1126 2570 etiam
1171 2512 1416 2570 dubium
1464 2518 1554 2571 est
1600 2533 1677 2570 an
1722 2510 1899 2571 liceat
1945 2510 2234 2588 suspicari
2280 2531 2347 2570 eo
2401 2510 2533 2589 ipso

297 2602 451 2673 loco,
516 2621 632 2679 quo
678 2601 936 2660 vitarum
983 2602 1299 2659 nonnullae
1356 2602 1758 2660 narrationem
1804 2600 1876 2658 de
1922 2600 2235 2659 itineribus
2280 2600 2397 2658 illis
2443 2599 2531 2657 in-

297 2696 506 2749 serunt
550 2691 650 2763 iis,
713 2711 864 2767 quae
911 2711 983 2748 ex
1029 2691 1391 2749 confessione
1438 2696 1830 2769 sumpserunt,
1878 2690 2017 2748 olim
2063 2690 2125 2748 in
2172 2689 2533 2748 confessione

296 2780 523 2855 scripta
567 2780 747 2838 fuisse
793 2781 975 2839 verba
1020 2780 1142 2838 illa.
1231 2779 1384 2840 Nam
1432 2800 1501 2839 eo
1547 2780 1676 2857 ipso
1725 2780 1879 2852 1000,
1927 2799 2043 2855 quo
2098 2784 2375 2837 narratur
2417 2779 2533 2836 Pa-

299 2867 507 2925 tricius
554 2867 836 2927 servitute
883 2868 1168 2928 liberatus
1218 2869 1299 2926 28
1349 2868 1473 2927 dies
1521 2869 1755 2927 deserta
1800 2870 1930 2926 loca
1975 2887 2346 2946 peragrasse,
2411 2888 2529 2925 om-

299 2956 463 3013 nium
521 2954 784 3014 codicum
829 2956 1012 3017 verba
1067 2958 1319 3030 mendis,
1389 2958 1614 3017 lacunis
1673 2963 1732 3015 et
1787 2957 2205 3033 additamentis
2251 2963 2532 3033 corrupta

302 3064 427 3103 esse
499 3045 689 3104 videri
761 3066 939 3123 supra
1000 3048 1126 3120 jam
1194 3047 1363 3123 quasi
1431 3053 1883 3125 praetereuntes
1952 3045 2533 3105 commemoravimus

304 3135 384 3211 (p.
418 3133 499 3190 47
535 3136 777 3210 annot.).
854 3135 1172 3194 Praeterea
1217 3157 1414 3195 secum
1469 3141 1708 3214 reputet
1760 3136 2077 3195 benevolus
2132 3137 2318 3194 lector
2373 3135 2533 3193 dicta

300 3222 403 3280 illa
448 3222 716 3296 Patricii,
780 3225 992 3300 quibus
1040 3223 1401 3285 Tirechanus
1448 3246 1587 3284 usus
1634 3231 1741 3298 est,
1804 3227 2010 3284 saltem
2055 3223 2130 3283 iis
2175 3223 2392 3283 similia
2438 3245 2532 3283 ex·

298 3318 457 3373 stare
502 3312 564 3371 in
597 3313 799 3371 eodem
839 3314 995 3372 libro
1027 3314 1464 3390 Ardmachano,
1509 3316 1573 3372 in
1620 3335 1736 3390 quo
1784 3312 2094 3385 confessi03
2141 3334 2280 3390 ergo
2330 3314 2533 3372 eodem

293 3405 424 3477 jure
479 3408 617 3462 sunt
675 3409 927 3480 utraque
984 3405 1191 3477 verba,
1255 3404 1399 3481 quin
1454 3404 1633 3463 etiam
1690 3403 2055 3462 Tirechanus
2109 3402 2214 3461 illa
2271 3402 2533 3461 Patricio

300 3492 595 3566 attribuit,
642 3492 819 3566 hanc,
868 3493 1059 3570 qualis
1105 3513 1260 3551 nunc
1306 3499 1528 3567 exstat,
1576 3514 1611 3551 a
1657 3493 1923 3552 Patricio
1971 3492 2363 3570 conscriptam
2408 3511 2534 3551 esse

300 3580 596 3638 affirmare
642 3601 761 3638 non
807 3582 1023 3659 potuit.
1114 3581 1393 3657 Accedit,
1440 3583 1628 3659 quod,
1686 3603 1815 3641 cum
1863 3603 1897 3640 a
1942 3581 2109 3640 Fieci
2152 3583 2369 3659 hymno
2415 3601 2531 3640 non

300 3676 458 3728 recte
518 3668 818 3727 intellecto
882 3671 1050 3746 origo
1098 3692 1298 3730 eorum
1358 3673 1550 3749 repeti
1609 3692 1728 3730 non
1787 3671 2006 3750 possit,
2078 3692 2151 3729 ne
2196 3675 2534 3748 conjectura

304 3758 540 3834 quidem
587 3759 868 3834 augurari
912 3779 1240 3837 possumus,
1288 3781 1392 3819 cur
1436 3762 1530 3821 vel
1587 3783 1621 3820 a
1676 3781 1792 3837 quo
1837 3759 1978 3819 ficta
2030 3760 2152 3819 sint
2196 3761 2354 3820 dicta
2412 3762 2533 3821 illa.

301 3846 453 3907 Nam
510 3847 561 3906 si
615 3847 755 3906 ficta
810 3853 1031 3921 essent,
1091 3856 1160 3908 ut
1204 3850 1468 3909 Patricio
1525 3871 1658 3909 cum
1712 3849 1998 3908 Romanis
2053 3851 2536 3909 consuetudinem

303 3936 480 3994 fuisse
537 3937 1042 4013 demonstrarent,
1110 3939 1293 4016 ipsius
1345 3939 1573 3999 Romae
1637 3940 1802 3999 urbis
1866 3938 2084 3997 mentio
2148 3941 2310 3999 facta
2363 3946 2533 4000 esset.

303 4024 404 4082 An
450 4026 624 4084 illud.
673 4024 746 4086 de
789 4023 1017 4086 saeculo
1062 4026 1407 4109 requissistis
1438 4027 1521 4088 ad
1550 4025 1947 4088 Paradissu‘m
1991 4026 2097 4087 deo
2139 4028 2365 4109 qratia-s
2410 4048 2531 4089 aec-

304 4109 476 4172 clesia
519 4112 831 4176 Scotorum
873 4114 1055 4176 immo
1100 4113 1530 4188 Romanorum,
1574 4125 1639 4176 ut
1672 4113 1998 4178 Olim-mani
2041 4115 2123 4176 ita
2167 4126 2231 4177 ut
2274 4114 2540 4179 Rmnani

303 4200 425 4262 sitis
466 4226 1020 4284 ..propensam
1081 4207 1473 4284 posteriorum
1533 4206 1597 4265 in
1657 4207 1959 4267 Romanos
2018 4208 2385 4268 voluntatem
2446 4229 2534 4266 re·

305 4293 498 4351 dolere
543 4295 759 4371 putas?
805 4295 897 4354 At
940 4296 1085 4354 haec
1129 4295 1313 4355 verba
1358 4315 1489 4354 cum
1534 4296 1834 4373 prioribus
1875 4317 2189 4375 perperam
2218 4300 2536 4373 conjuncta

305 4389 466 4455 sunt,
528 4403 664 4441 nam
710 4384 813 4442 illa
857 4383 920 4443 in
963 4382 1502 4445 commemoratione
1554 4381 1819 4445 laborum
1865 4387 1902 4444 i.
1951 4407 1998 4444 e.
2045 4386 2106 4445 in
2155 4386 2535 4459 confessione,

2075 4489 2112 4542 4
