3134 5034
1282 370 1752 427 -115—

401 549 695 625 grinandi,
728 547 906 626 quam
937 548 1318 628 praedicandi
1352 546 1646 624 evangelii
1678 568 1853 607 causa
1875 549 1938 606 in
1954 546 2337 608 Germaniam
2362 551 2634 614 venisse?

402 636 504 696 An
552 637 736 696 dicas.
761 638 850 698 St.
883 636 1125 697 Gallum
1170 659 1378 696 revera
1422 635 1720 697 sudom'ose
1763 635 2057 697 laborasse
2098 637 2160 698 in
2195 638 2635 721 praedicatiooae

400 718 713 807 evanqelii?
756 726 953 804 Atqui
997 732 1151 786 teste
1183 726 1308 786 vita
1354 730 1495 803 ejus,
1541 731 1778 785 centum
1824 729 1996 786 annis
2025 736 2164 805 post
2208 732 2335 804 ejus
2382 736 2629 789 mortem

403 816 739 895 conscripta
799 818 897 891 (cf.
942 816 1240 891 Rettberg
1284 814 1371 888 H,
1433 836 1491 892 p.
1538 816 1668 891 40).
1752 815 1883 875 Nec
1943 822 2142 875 tamen
2204 838 2275 875 ex
2334 817 2438 876 illa
2498 818 2632 897 ipsa

398 906 525 965 vita
584 925 703 963 non
778 913 1054 984 apparet,
1117 903 1204 963 St.
1269 903 1509 962 Gallum
1566 904 1768 981 potius
1837 905 2186 964 monachum
2251 907 2629 985 peregrinum

398 994 579 1053 fuisse
625 1015 802 1071 quam
833 995 1180 1071 apostolum,
1227 1000 1288 1053 et
1317 993 1731 1071 suspicandum
1779 1000 1869 1052 est
1901 993 1988 1058 St.
2022 992 2278 1068 Gallum,
2309 995 2630 1056 Columbae

403 1084 771 1160 discipulum,
818 1084 907 1141 illi
954 1083 1293 1142 similiorem
1338 1083 1546 1154 fuisse,
1595 1102 1771 1158 quam
1817 1082 1977 1142 vitae
2021 1083 2181 1142 illius
2236 1091 2444 1144 auctor
2488 1092 2633 1145 tunc

397 1173 683 1251 temporis
723 1175 850 1248 jam
896 1172 1046 1230 scire
1091 1171 1307 1250 potuit.
1369 1171 1454 1230 Et
1499 1171 1819 1230 Kilianus?
1874 1172 1975 1233 Nil
2019 1193 2210 1249 paene
2256 1173 2330 1232 de
2376 1193 2445 1232 eo
2492 1194 2627 1233 con-

399 1260 572 1321 stat.1
665 1261 728 1320 Si
790 1261 949 1321 vitae
1019 1264 1144 1337 ejus
1200 1261 1382 1337 (Mab.
1429 1260 1523 1333 Π,
1588 1281 1721 1319 ann.
1773 1262 1927 1334 689,
1985 1282 2042 1338 p.
2093 1262 2220 1319 992
2271 1283 2318 1321 c.
2369 1263 2404 1320 3
2455 1268 2516 1322 et
2562 1264 2629 1340 4)

396 1350 543 1409 fides
590 1350 797 1408 haberi
862 1356 1087 1429 posset,
1146 1349 1316 1408 nobis
1374 1349 1706 1426 putandum
1772 1356 1950 1422 esset,
2014 1370 2147 1408 eum
2191 1350 2445 1410 Romam
2489 1369 2626 1429 pro-

397 1441 616 1498 fectum
662 1439 738 1498 ab
794 1439 1070 1517 episcopo
1115 1438 1387 1497 Romano
1443 1434 1730 1498 licentiam
1781 1437 2177 1517 praedicandi
2226 1441 2469 1516 petiise‚
2524 1441 2628 1502 sed

396 1526 601 1588 fictum
645 1529 757 1587 hoc
802 1548 929 1587 esse
974 1530 1099 1586 fere
1145 1546 1348 1585 omnes
1380 1527 1709 1604 evangelici
1738 1528 2134 1587 consentiunt.
2194 1528 2349 1590 Nam
2397 1550 2466 1589 ea
2492 1530 2627 1608 ipsa

398 1637 462 1677 re
509 1615 676 1676 Scoti
721 1616 1092 1693 evangelium
1146 1615 1558 1695 praedicantes
1614 1617 1689 1674 ab
1736 1613 1955 1695 Anglis
2009 1617 2231 1676 diversi
2284 1618 2462 1677 fuisse
2512 1637 2625 1696 pu-

394 1712 601 1765 tantur
617 1749 631 1778 ,
694 1705 852 1782 quod
910 1704 1164 1764 Romam
1225 1705 1389 1763 adire
1449 1705 1773 1763 omiserunt
1787 1750 1801 1778 ,
1862 1711 2182 1783 antequam
2241 1727 2390 1784 opus
2456 1727 2627 1766 suum

394 1793 742 1872 inciperent.
804 1792 924 1853 Sed
980 1794 1140 1852 haud
1184 1795 1304 1853 scio
1352 1815 1429 1852 an
1474 1794 1548 1852 de
1593 1800 1724 1853 tota
1767 1793 1880 1853 hac
1923 1815 1987 1852 re
2034 1795 2213 1855 aliter
2256 1796 2628 1855 sentiendum

396 1884 491 1943 sit.
567 1882 866 1960 Equidem
911 1883 1057 1941 mihi
1101 1883 1368 1961 persuasi
1415 1885 1596 1942 etiam
1643 1903 1713 1941 ea
1758 1883 1830 1941 de
1878 1901 2054 1941 causa
2100 1883 2172 1941 de
2219 1883 2414 1944 Scotis
2456 1905 2626 1963 ‘prae-

394 1971 681 2032 dicaturis
710 1971 962 2031 Romam
994 1972 1368 2031 venientibus
1399 1971 1716 2030 memoriae
1761 1970 1911 2029 nihil
1957 1972 2106 2031 certi
2147 1973 2450 2050 proditum
2484 1994 2628 2047 esse,

396 2061 537 2139 quia
584 2060 673 2119 illi
718 2061 907 2137 magis
952 2061 1392 2137 peregrinaturi
1453 2080 1631 2136 quam
1685 2059 2090 2138 praedicaturi
2134 2061 2197 2119 in
2234 2061 2625 2121 Germaniam

393 2150 729 2210 veniebant.
823 2150 1064 2224 Quodsi·
1106 2149 1386 2209 Kilianus
1446 2149 1635 2226 magis
1694 2148 2079 2227 praedicandi
2137 2169 2315 2227 quam
2360 2152 2623 2229 peregri·

394 2238 576 2298 nandi
620 2238 818 2298 studio
865 2245 1190 2300 commotus
1234 2239 1299 2297 in
1347 2237 1728 2298 Germaniam
1774 2239 2036 2311 venerit,
2096 2239 2254 2298 haud
2301 2240 2483 2298 sciam
2546 2261 2624 2299 an

391 2329 644 2387 Romam
690 2330 990 2406 profectus
1035 2329 1130 2389 sit.
1221 2328 1376 2390 Nam
1421 2347 1552 2387 cum
1601 2326 1892 2386 Columba
1935 2327 2331 2388 Luxoviensis
2391 2336 2453 2388 et
2495 2330 2624 2407 ipse

392 2416 645 2474 Romam
705 2417 870 2475 adire
929 2418 1183 2494 cupierit
1242 2423 1303 2476 et
1360 2417 1532 2495 papis
1590 2422 1947 2494 potestatem
2009 2418 2357 2476 attribuerit
2425 2417 2623 2477 omnia

393 2502 730 2576 ordinandi,
779 2501 989 2565 bellum
1029 2503 1384 2576 manendi,
1431 2505 1606 2564 duces
1635 2503 1926 2565 excitandi
1954 2549 1966 2564 .
1998 2548 2013 2562 .
2046 2548 2061 2564 .
2091 2504 2276 2565 aciem
2301 2505 2628 2566 instmaendi

390 2596 508 2672 (ep.
557 2592 617 2665 4,
669 2594 739 2653 cf.
786 2613 967 2673 supra
1010 2615 1069 2672 p.
1120 2597 1248 2671 97),
1295 2594 1465 2654 nobis
1511 2614 1632 2653 non
1676 2594 1816 2653 licet
1870 2594 2065 2653 dicere
2112 2593 2321 2655 Scotos
2364 2595 2620 2654 solitos

389 2702 541 2742 esse
586 2682 838 2743 Romam
884 2704 1002 2742 non
1049 2684 1364 2762 proficisci,
1420 2683 1773 2761 praesertim
1828 2704 1959 2742 cum
2019 2684 2369 2757 nesciamus,
2425 2704 2622 2743 nonne

386 2771 669 2829 Kilianus
715 2779 775 2830 et
820 2772 924 2847 alii
968 2773 1031 2830 in
1076 2773 1326 2832 australi
1355 2773 1685 2830 Hiberniae
1730 2778 1901 2847 parte
1948 2773 2078 2830 nati
2121 2773 2359 2831 fuerint.
2436 2773 2618 2833 Certo

386 2879 506 2918 non
565 2859 873 2931 habemus,
933 2861 1091 2935 quod
1150 2867 1427 2938 putemus
1485 2858 1879 2931 Bonifatium,
1940 2860 1992 2917 si
2053 2880 2201 2935 quos
2262 2861 2470 2920 Scotos
2529 2862 2617 2920 in·

386 2948 618 3009 venerit
662 2947 870 3007 mediis
915 2948 977 3006 in
1022 2949 1272 3027 paganis
1326 2953 1633 3007 versantes
1649 2992 1663 3020 ,
1725 2967 1926 3006 eorum
1986 2948 2205 3006 auxilio
2266 2949 2329 3007 in
2387 2949 2618 3026 praedi·

387 3039 573 3097 cando
620 3036 929 3113 evangelio
974 3038 1066 3096 uti
1111 3025 1228 3096 non
1275 3036 1538 3116 potuisse
1584 3042 1833 3115 propter
1870 3056 2100 3095 morum
2132 3038 2225 3096 vel
2255 3037 2394 3096 fidei
2425 3038 2616 3098 diver-

386 3127 620 3186 sitatem
667 3126 780 3199 vel,
828 3126 969 3203 quia
1015 3127 1322 3205 episcopos
1352 3126 1654 3185 Romanos
1700 3146 1774 3184 ne
1813 3126 2005 3184 dicam
2037 3126 2411 3204 despicerent
2458 3134 2616 3186 certe

386 3216 629 3274 minoris
675 3215 1075 3276 aestimarent.
1166 3213 1285 3273 Sed
1332 3215 1571 3273 omnino
1617 3214 1690 3273 de
1723 3212 1918 3274 Scotis
1965 3215 2334 3291 evangelium
2380 3217 2612 3295 praedi·

384 3305 658 3366 cantibus
704 3310 941 3383 praeter
970 3326 1056 3379 ea,
1089 3325 1240 3382 quae
1272 3304 1869 3374 commemoravimus,
1916 3324 2033 3381 pre.
2056 3311 2216 3362 certo
2248 3307 2331 3363 nil
2364 3313 2614 3365 constat.

383 3393 591 3471 Neque
637 3398 838 3471 potest
881 3393 1165 3467 dubitari,
1211 3392 1355 3471 quin
1402 3396 1592 3469 major
1636 3412 1778 3469 pars
1824 3391 2163 3465 Scotorum,
2220 3394 2360 3468 quia
2405 3393 2614 3452 mediis

383 3482 446 3539 in
503 3483 753 3560 paganis
806 3482 907 3556 „in
968 3483 1217 3543 desertis
1280 3482 1520 3542 sedere“
1590 3500 1708 3539 non
1766 3481 2072 3558 poterant,
2134 3482 2285 3540 tales
2344 3483 2614 3559 regiones

383 3570 642 3648 petierit,
690 3590 840 3646 quae
886 3572 1270 3632 christianam
1315 3570 1492 3629 fidem
1532 3574 1659 3646 jam
1704 3577 2102 3648 susceperant.
2194 3570 2411 3647 Itaque
2456 3591 2615 3630 nunc

383 3658 457 3717 de
503 3659 576 3718 iis
607 3657 918 3718 dicendum
965 3668 1071 3735 est,
1120 3662 1222 3739 qui
1253 3662 1406 3722 sicut
1434 3660 1562 3739 ipse
1596 3659 1884 3719 Columba
1930 3659 1993 3717 in
2024 3678 2213 3733 regno
2245 3659 2610 3720 Francorum
2696 3685 2699 3689 ·

383 3748 718 3806 manebant.

561 3835 693 3908 Qua
754 3836 816 3894 in
877 3857 943 3895 re
1002 3840 1076 3897 ab
1123 3839 1252 3917 ipso
1299 3839 1588 3899 Columba
1651 3857 1781 3896 cum
1842 3836 2148 3896 Bonifatio
2212 3839 2610 3915 comparando

384 3925 688 3985 exordium
723 3925 1039 4003 capiamus.
1099 3927 1432 4005 Utrumque
1462 3927 1743 3987 ecclesiae
1776 3924 2122 3984 Gallicanae
2163 3931 2384 3986 statum
2416 3947 2609 3987 emen·

526 4119 545 4150 ¹
584 4116 668 4170 Os.
692 4115 1090 4181 wattenbach,
1118 4116 1679 4187 Geschichtsquellen
1707 4117 1754 4181 Ι,
1781 4135 1837 4187 p.
1861 4117 1964 4172 103
2000 4120 2117 4171 not.
2143 4117 2175 4169 2
2214 4120 2272 4170 et
2294 4115 2604 4182 Diimmler‚

380 4186 779 4258 Forschungen
806 4204 904 4240 zur
930 4187 1242 4242 deutschen
1269 4188 1609 4243 Geschichte
1636 4188 1740 4255 VI,
1768 4206 1824 4256 p.
1850 4189 1951 4243 116
1978 4206 2097 4257 sqq.
2144 4186 2607 4243 Vetustissimum

380 4263 583 4324 autem,
625 4259 775 4328 quod
800 4263 1001 4325 exstat,
1028 4260 1099 4313 de
1119 4255 1349 4313 Kiliano
1375 4259 1759 4313 testimonium
1787 4264 2085 4329 utrumque
2112 4258 2282 4330 fugit3
2321 4259 2607 4313 invenitur

382 4330 531 4383 enim
569 4328 788 4383 Kiliani
825 4348 1029 4385 nomen
1067 4331 1126 4383 in
1163 4329 1517 4383 Kalendario
1543 4329 1744 4384 Karoli
1769 4329 1979 4401 Magni,
2022 4330 2172 4399 quod
2212 4347 2491 4384 annexum
2518 4336 2606 4384 est.

381 4401 687 4454 clarissimo
724 4401 813 4455 illi
851 4402 1147 4469 evangelio
1185 4400 1552 4455 Godesscalci
1589 4418 1735 4454 anno
1774 4401 1875 4457 781
1920 4402 2261 4469 conscriptO,
2303 4401 2372 4454 cf.
2412 4400 2603 4471 Piper,

379 4470 549 4524 Karls
589 4471 685 4525 des
725 4471 973 4527 Grossen
1009 4472 1419 4528 Kalendarium
1456 4473 1571 4526 und
1616 4472 1941 4528 Ostertafel.
1967 4504 2030 4513 —
2058 4473 2213 4527 1858.
2254 4491 2311 4542 p.
2338 4473 2423 4527 26.

2103 4561 2176 4614 8*
