3134 5034
1193 306 1628 365 ...47-

286 486 590 558 putarent.
684 481 852 555 Quae
909 503 1040 541 cum
1093 483 1181 543 ita
1235 482 1380 557 sint,
1440 486 1693 545 fortasse
1749 486 1957 546 melius
2012 487 2084 545 de
2141 486 2234 546 his
2275 487 2530 547 Patricii

286 571 526 648 scriptis
577 571 836 645 judicari
889 572 1140 649 poterit,
1202 572 1253 630 si
1307 571 1523 649 Angli,
1587 573 1690 650 qui
1735 595 1860 632 rem
1909 578 2034 650 jam
2080 576 2345 653 aggressi
2392 584 2529 636 sunt

285 655 659 733 (Facsimiles
705 657 779 740 of
811 656 1075 719 national
1104 654 1292 719 MSS.
1326 659 1398 741 of
1432 658 1681 721 Ireland
1725 662 1813 724 ed.
1844 664 1925 740 by
1956 662 2211 737 Gilbert,
2258 699 2332 709 -
2383 686 2528 742 quos

286 748 472 806 libros
520 747 769 825 adipisci
815 768 931 805 non
979 749 1191 825 potui),
1239 750 1312 807 de
1357 749 1503 827 ipsis
1540 751 1741 809 verbis
1788 757 1849 810 et
1894 753 1967 809 de
2014 752 2312 812 codicibus
2358 756 2529 830 plura

287 836 628 909 attulerint3
676 834 779 894 sed
825 836 943 894 nisi
986 837 1141 895 forte
1180 838 1534 896 vetustiores
1582 839 1811 898 codices
1856 840 2251 939 reperiuntur,
2300 842 2527 915 dubito,

287 945 487 983 annon
533 925 770 985 omnino
818 945 914 983 res
961 924 1277 999 dijudicari
1320 926 1527 1003 possit.

471 1014 603 1086 Qua
650 1013 721 1071 de
769 1033 946 1071 causa
991 1013 1245 1089 benigne
1299 1014 1529 1088 judicet
1577 1015 1843 1092 quisquis
1888 1017 2048 1094 leget
2094 1019 2167 1077 de
2212 1017 2313 1091 iis,
2378 1036 2529 1094 quae

286 1103 610 1179 proferam,
680 1121 872 1177 neque
944 1103 1230 1178 postulet,
1300 1111 1369 1161 ut
1427 1103 1884 1163 innumerabiles
1943 1106 2075 1164 illas
2137 1106 2528 1182 quaestiones,

293 1211 441 1267 quas
495 1190 659 1267 ipsae
716 1189 967 1248 Patricii
1022 1182 1307 1250 confessio
1365 1197 1425 1249 et
1478 1192 1732 1269 epistula
1768 1194 2116 1293 ’legentibus
2168 1201 2527 1272 proponunt,

289 1278 516 1338 solvere
576 1298 766 1337 coner.
878 1277 1068 1339 Immo
1129 1279 1308 1338 liceat
1376 1280 1521 1338 mihi
1584 1282 1813 1340 omissis
1873 1283 2168 1355 omnibus,
2242 1303 2392 1359 quae
2452 1285 2529 1342 ad

288 1373 553 1426 nostram
608 1386 730 1425 rem
788 1387 905 1425 non
960 1367 1285 1445 pertinent,
1348 1368 1431 1425 nil
1496 1367 1657 1427 aliud
1714 1389 2000 1446 quaerere
2055 1371 2193 1443 nisi,
2255 1392 2395 1428 num
2454 1373 2527 1430 de

289 1455 713 1514 consuetudine
771 1455 1022 1515 Patricii
1088 1476 1219 1513 cum
1273 1457 1560 1515 Romanis
1625 1458 1813 1535 ipsius
1868 1459 2093 1535 scripta
2146 1460 2373 1535 aliquid
2428 1461 2527 1518 do-

292 1551 482 1603 ceant.
572 1543 787 1620 Itaque
856 1545 1066 1603 omitto
1137 1546 1501 1622 argumentis
1572 1545 1914 1607 confirmare
1976 1548 2399 1607 confessionem
2469 1554 2530 1607 et

292 1633 606 1710 epistulam
663 1632 1025 1691 adulterinas
1082 1654 1199 1691 non
1259 1654 1403 1693 esse.
1464 1634 1647 1694 .Nam
1703 1642 1764 1694 et
1817 1635 1944 1712 ipse
1999 1634 2355 1709 Schoellius‚
2425 1637 2528 1713 qui

290 1722 551 1797 genuina
611 1741 681 1779 ea
742 1741 866 1780 esse
927 1721 1177 1779 Patricii
1246 1722 1469 1800 scripta
1538 1731 1866 1800 negaverat
1924 1724 2089 1800 (diss.
2135 1745 2194 1801 p.
2244 1726 2325 1783 68
2372 1728 2526 1801 sqq.)

287 1816 498 1887 postea
556 1810 848 1886 (Herzog,
908 1810 984 1868 R.
1039 1809 1137 1886 E.)
1191 1814 1327 1885 jure
1380 1812 1543 1869 illam
1600 1812 1956 1871 sententiam
2012 1813 2301 1890 deposuit.
2392 1813 2528 1872 Etsi

291 1899 448 1957 enim
493 1898 776 1956 nonnulla
822 1898 1213 1975 suspicionem
1268 1906 1537 1974 movent,
1599 1907 1797 1959 tamen
1843 1901 2198 1977 negligenda
2243 1907 2406 1974 sunt,
2468 1909 2529 1960 et

293 1988 450 2063 quia,
499 2006 649 2063 quae
694 1987 919 2046 fuerint
962 1987 1219 2062 genuina
1251 1989 1632 2048 confessionis
1666 1989 1862 2061 verba,
1909 1988 2142 2047 definiri
2182 2010 2300 2048 non
2331 1996 2528 2067 potest

292 2083 354 2134 et
399 2076 538 2152 quia
584 2075 661 2133 ad
705 2074 1115 2150 dijudicandas
1172 2077 1390 2135 saeculi
1437 2077 1634 2155 quinti
1688 2098 1784 2136 res
1838 2077 2053 2136 idonea
2096 2077 2269 2137 nobis
2314 2077 2527 2137 desunt

289 2166 649 2239 adjumenta.

469 2253 627 2327 Quid
680 2251 869 2329 igitur
922 2253 1050 2330 ipse
1105 2253 1403 2313 Patricius
1454 2255 1529 2312 de
1586 2275 1694 2314 sua
1748 2255 1936 2333 ipsius
1992 2256 2117 2315 vita
2171 2256 2341 2314 nobis
2394 2275 2527 2332 pro-

294 2342 491 2400 didit?
568 2342 734 2415 Quae
781 2361 873 2399 res
904 2341 1363 2418 haudquaquam
1394 2343 1587 2403 facilis
1633 2351 1723 2403 est
1767 2363 2072 2421 responsu,
2121 2365 2258 2403 nam
2288 2345 2408 2403 tale
2440 2351 2530 2403 est

294 2430 357 2487 in
410 2430 797 2502 confessione,
860 2430 1051 2506 qualis
1097 2451 1252 2488 nunc
1298 2436 1516 2504 exstat,
1576 2432 1860 2490 narrandi
1905 2453 2118 2509 genus,
2180 2439 2250 2491 ut
2294 2433 2528 2510 saepius

293 2539 487 2591 nemo,
552 2518 695 2594 quid
752 2518 867 2577 sibi
911 2519 1169 2578 voluerit
1214 2525 1437 2592 auctor,
1484 2521 1832 2597 intellegere
1878 2522 2082 2598 possit.
2174 2522 2342 2579 Haec
2387 2540 2526 2579 vero

293 2614 431 2666 sunt
479 2627 628 2683 quae
675 2627 747 2664 ex
793 2608 1076 2684 perplexa
1120 2608 1223 2667 illa
1268 2609 1611 2668 narratione
1658 2610 1933 2686 colligere
1978 2610 2150 2668 licet:

469 2695 785 2768 Patricius,
832 2695 1074 2755 natione
1120 2696 1294 2757 Brito
1341 2699 1517 2772 (conf.
1551 2699 1631 2757 H.
1665 2699 1782 2757 and
1812 2697 1899 2757 St.
1929 2698 2017 2771 II,
2050 2700 2107 2770 2,
2148 2719 2204 2776 p.
2240 2698 2393 2773 303)
2449 2699 2524 2755 16

293 2804 478 2843 annos
509 2792 684 2842 natus
718 2784 991 2861 captivus
1022 2784 1084 2842 in
1115 2784 1472 2844 Hiberniam
1513 2791 1604 2844 est
1649 2787 1955 2859 abductus,
2000 2786 2138 2845 inde
2187 2788 2223 2843 6
2273 2786 2529 2862 peractis

292 2873 462 2932 annis
525 2871 814 2931 liberatus
872 2873 936 2931 in
995 2873 1252 2950 patriam
1312 2873 1550 2933 videtur
1608 2874 1946 2946 revertisse,
2006 2875 2112 2933 sed
2159 2874 2315 2950 [nisi,
2371 2873 2528 2949 quod

294 2962 564 3037 equidem
611 2961 840 3038 opinor,
888 2961 1263 3021 librariorum
1301 2962 1668 3038 negligentia
1695 2962 1998 3040 duplicata
2028 2968 2119 3021 est
2146 2982 2270 3021 una
2297 2962 2527 3020 eadem·

295 3070 408 3126 que
440 3049 700 3107 narratio
730 3050 779 3127 1]
822 3050 1036 3109 iterum
1084 3056 1294 3127 captus
1341 3056 1432 3109 est
1477 3057 1589 3109 nec'
1628 3072 1771 3110 vero
1816 3072 1935 3111 non
1979 3051 2192 3111 iterum
2242 3051 2529 3109 liberatus

292 3138 503 3196 iterum
544 3136 607 3196 in
649 3135 975 3198 Britannia
1027 3146 1153 3196 erat
1207 3158 1340 3198 omn
1383 3138 1747 3218 parentibus.
1837 3140 1939 3199 Ibi
1994 3160 2126 3199 cum
2181 3145 2527 3211 moraretur,

294 3226 663 3285 mirabilibus
709 3228 1069 3286 somniorum
1117 3227 1424 3304 speciebus
1468 3227 1759 3286 invitatus
1805 3234 1911 3301 est,
1956 3235 2027 3286 ut
2055 3227 2366 3289 Hiberniis
2395 3248 2526 3287 ver·

294 3316 430 3373 bum
479 3315 575 3372 dei
620 3316 990 3391 praedicaret
1036 3350 1117 3360 -
1168 3322 1229 3374 et
1274 3316 1539 3392 profecto
1579 3324 1716 3395 post
1762 3315 2060 3394 plurimos
2113 3335 2297 3375 amzos
2353 3316 2527 3390 (conf.

293 3425 350 3480 p.
384 3404 538 3479 303)
583 3401 903 3483 imperante
953 3400 1187 3463 Christo
1233 3404 1338 3478 (ib.
1383 3425 1442 3481 p.
1477 3405 1631 3479 309)
1677 3424 1794 3464 non
1847 3403 1967 3463 sine
2019 3403 2127 3463 deo
2179 3422 2282 3463 nec
2333 3422 2525 3463 secun-
2600 3480 2606 3485 η

293 3490 437 3550 dum
483 3509 720 3553 carnem
766 3493 963 3570 (epist.
1010 3512 1067 3568 p.
1103 3493 1256 3568 316)
1303 3493 1366 3550 in
1411 3492 1768 3551 Hiberniam
1828 3493 2126 3571 pervenit,
2190 3491 2527 3551 Scotorum-

293 3600 408 3655 que
453 3580 641 3639 multa
690 3581 851 3638 milia
896 3581 971 3639 ad
1018 3601 1222 3640 verum
1269 3580 1366 3639 dei
1412 3582 1637 3640 cultum
1685 3582 1993 3642 convertit.
2077 3581 2199 3640 Ubi
2233 3576 2530 3659 plurrimos

294 3669 425 3726 illos
472 3688 657 3725 annos
705 3667 952 3744 degerit,
998 3690 1071 3729 ne
1118 3689 1234 3727 uno
1270 3670 1506 3745 quidem
1539 3672 1721 3730 verbo
1753 3669 2050 3729 Patricius
2094 3669 2380 3747 prodidit,
2427 3668 2530 3727 sed

292 3758 436 3817 satis
481 3755 692 3815 habuit
736 3756 954 3816 dixisse
999 3757 1234 3833 saepius
1281 3778 1342 3817 se
1389 3779 1513 3817 esse
1560 3759 1847 3818 servitute
1901 3759 2242 3826 liberatum,
2304 3758 2528 3834 disper-

293 3866 421 3904 sum
481 3864 543 3903 se
605 3863 728 3903 esse
788 3843 890 3915 „in
944 3843 1203 3924 yentibus
1263 3843 1513 3920 multis“,
1580 3848 1863 3907 maximas
1933 3846 2347 3905 tribulationes
2404 3865 2529 3903 esse

292 3953 632 4012 perpessum
693 3933 1050 4010 summisque
1110 3935 1171 3991 in
1233 3935 1508 4011 periculis
1573 3943 1888 3995 versatum.
1991 3935 2151 4008 Quin
2214 3934 2395 3994 etiam
2455 3953 2529 3990 ne

293 4023 355 4080 id
415 4022 656 4097 quidem
714 4024 987 4098 cognosci
1042 4028 1264 4099 potest,
1332 4029 1532 4082 utrum
1589 4030 1754 4084 recta
1807 4025 1906 4084 via
1962 4045 2035 4083 ex
2087 4022 2407 4083 Britannia
2466 4022 2530 4078 in
2567 4054 2574 4059 -

473 4249 493 4278 ¹
529 4246 700 4312 Nam,
760 4251 823 4299 ut
861 4246 973 4299 alia
1010 4246 1296 4311 omittam,
1353 4250 1592 4316 utraque
1639 4248 1916 4314 narratiO,
1975 4266 2031 4316 p.
2073 4250 2172 4302 301
2215 4251 2274 4301 et
2310 4266 2364 4317 p.
2406 4247 2526 4312 302,

295 4317 602 4400 Patricium
652 4317 924 4371 servitute
973 4317 1278 4370 liberatum
1327 4318 1396 4370 ‘28
1443 4318 1564 4371 dies
1612 4337 1718 4387 per
1767 4319 1992 4372 deserta
2038 4320 2162 4373 loca
2211 4323 2404 4372 narrat
2444 4335 2529 4371 er-

293 4406 524 4444 ravisse.
