3134 5034
1540 319 1984 375 ..36-

645 496 875 555 tatione
934 494 1007 554 de
1064 495 1333 555 Patricio
1392 500 1457 554 et
1510 495 1812 567 Palladio,
1870 495 1945 552 de
2004 494 2491 553 annotationibus
2545 495 2901 554 Hiber-nicia

646 585 1054 645 disserendum
1099 586 1231 643 erit.

824 672 922 731 Ac
965 674 1223 751 primum
1271 673 1511 749 quidem
1556 672 1632 730 de
1677 671 2066 730 annotatione
2109 672 2184 729 de
2213 671 2479 731 Patricio
2509 677 2570 730 et
2599 671 2898 730 Palladio.

647 763 837 834 Haec,
898 782 1033 820 cum
1078 767 1218 818 ante
1264 781 1487 819 annum
1533 761 1662 818 807
1711 761 2048 837 conscripta
2091 761 2172 819 sit
2217 762 2361 834 (vid.
2406 782 2570 839 supr.
2616 761 2691 818 de
2735 761 2899 818 libro

644 850 969 909 Ardmach.
1012 871 1074 928 p.
1123 849 1254 925 32),
1312 850 1656 907 testimonio
1715 856 1808 908 est
1865 850 2108 907 ineunte
2167 850 2401 908 saeculo
2461 870 2618 908 nono
2679 848 2896 907 Scotos

645 939 951 1017 putavisse
995 937 1331 997 Patricium
1386 938 1630 996 missum
1675 957 1803 996 esse
1848 959 1885 996 a
1930 937 2269 996 Coelestino
2313 959 2491 1016 papa.
2581 937 2892 1010 Quomodo

646 1028 862 1086 missus
915 1027 997 1086 sit
1039 1027 1079 1084 i.
1125 1046 1176 1085 e.
1220 1033 1422 1085 utrum
1482 1028 1612 1104 ipe
1657 1025 2030 1085 coelestinus
2072 1028 2327 1099 Romae,
2385 1048 2464 1085 an
2518 1027 2672 1085 alius
2717 1029 2894 1101 jussu

652 1136 845 1193 papae
899 1116 1019 1173 alio
1076 1114 1208 1173 loco
1253 1115 1583 1174 Patricium
1629 1115 1970 1192 episcopum
2016 1116 2474 1187 conoecraverit‚
2531 1116 2664 1192 ipsa
2708 1136 2890 1173 anno·

646 1205 798 1263 tatio
858 1225 980 1263 non
1039 1204 1388 1282 explicavit,
1448 1208 1648 1261 tamen
1703 1204 1781 1262 ab
1834 1203 1944 1261 hac
1997 1203 2385 1262 annotatione
2427 1204 2754 1281 repetenda
2798 1210 2890 1261 est

649 1293 819 1370 origo
866 1313 1067 1351 earum
1098 1293 1525 1363 narrationum,
1572 1311 1722 1366 quas
1751 1292 2098 1368 posterioris
2127 1294 2416 1369 temporis
2445 1292 2608 1351 vitae
2635 1291 2889 1350 Patricii

647 1382 933 1440 exhibent
976 1387 1288 1440 narrantes
1332 1381 1411 1439 ab
1454 1381 1586 1458 ipso
1626 1379 1964 1439 Coelestino
1995 1380 2325 1439 Patricium
2369 1382 2434 1438 in
2480 1381 2888 1458 episcoporum

645 1489 953 1529 numerum
983 1490 1110 1528 esse
1140 1474 1443 1546 receptum
1476 1469 1586 1544 (sic
1617 1489 1691 1525 ex
1719 1469 1865 1528 vitis
1894 1490 2078 1547 supra
2106 1492 2168 1548 p.
2196 1469 2279 1527 32
2305 1491 2394 1546 sq.
2419 1469 2888 1528 commemoratis

645 1560 806 1619 vitae
851 1558 963 1617 sub
1012 1558 1228 1616 5—10
1260 1560 1681 1633 enumeratae).
1758 1559 1926 1632 Quae
1963 1579 2097 1615 cum
2125 1558 2214 1615 ita
2242 1558 2383 1629 sint,
2427 1564 2680 1636 apparet
2709 1578 2887 1634 quam

643 1668 959 1727 perperam
1006 1646 1351 1723 Schoellius,
1398 1666 1531 1704 cum
1578 1645 1786 1703 eadem
1831 1646 1904 1703 de
1950 1646 2218 1704 Patricio
2263 1667 2300 1704 a
2346 1646 2684 1705 Goelestino
2728 1666 2887 1723 papa

646 1741 988 1795 consecrato
1049 1735 1312 1794 narratio
1373 1735 1644 1793 exeuntis
1703 1735 1924 1792 saeculi
1982 1736 2125 1793 noni
2181 1735 2552 1813 temporibus
2598 1736 2778 1794 etiam
2823 1735 2888 1792 in

648 1822 851 1883 Gallia
896 1829 1172 1883 occurrat
1215 1824 1375 1900 apud
1419 1822 1732 1880 Heiricum
1776 1820 2360 1882 Autissiodorensem
2394 1824 2706 1899 (1111331113
2734 1821 2886 1881 Ger·

645 1913 806 1970 mani
861 1911 1004 1972 Act.
1050 1911 1159 1971 SS.
1204 1911 1361 1969 ΒοΠ.
1406 1912 1561 1971 ‚Julii
1607 1912 1686 1969 31
1748 1932 1798 1969 c.
1842 1911 1932 1984 II,
1989 1914 2070 1969 21
2134 1933 2192 1989 Ρ.
2241 1913 2416 1989 259),
2471 1914 2747 1990 opinatus
2806 1912 2889 1970 sit

645 2000 914 2078 (Herzog
956 2001 1034 2058 R.
1063 2000 1138 2058 E.
1190 2001 1266 2057 11
1318 2022 1377 2077 Ρ.
1425 1998 1586 2079 208)
1631 2000 2032 2058 narrationem
2075 2002 2240 2058 issam
2285 2002 2358 2059 de
2396 2001 2664 2060 Patricio
2692 2001 2890 2058 Roma

644 2091 824 2148 misso
887 2090 951 2146 in
1011 2088 1211 2147 Gallia
1273 2108 1401 2146 esse
1465 2089 1795 2147 confictam.
1902 2089 2120 2161 Immo,
2190 2110 2323 2147 cum
2380 2090 2659 2148 Heiricus
2719 2088 2888 2147 Scoti

646 2178 952 2252 cujusdam
984 2178 1312 2255 discipulus
1341 2177 1525 2235 fuisse
1554 2177 1834 2235 tradatur
1863 2178 2009 2253 (vid.
2040 2177 2461 2250 Wattenbach,
2508 2177 2887 2237 Geschichts-

646 2267 897 2344 quellen.
970 2266 1027 2324 4.
1074 2264 1250 2324 Aufl.
1308 2265 1360 2338 Ι,
1416 2286 1475 2343 p.
1524 2265 1682 2341 244)
1739 2266 1870 2343 1Ρ33
1925 2267 2157 2324 Η311131
2213 2267 2477 2325 narratio
2538 2266 2890 2344 comprobat

644 2354 857 2414 Scotos
902 2361 1047 2414 tunc
1090 2361 1335 2433 putasse
1378 2353 1738 2425 Patricium,
1798 2353 2085 2413 Germani
2128 2356 2569 2427 amicissimum,
2631 2358 2709 2413 ab
2754 2356 2889 2432 ipso

645 2443 984 2503 Coelestino
1016 2449 1422 2502 consecratum
1454 2442 1652 2500 Roma
1696 2463 1771 2500 ex
1800 2444 1948 2502 urbe
1993 2445 2236 2502 missum
2268 2465 2393 2503 3333
2422 2445 2485 2501 111
2514 2444 2885 2501 Hiberniam.

643 2533 860 2610 Itaque
914 2532 1061 2609 quid
1113 2532 1356 2604 mirum,
1420 2531 1579 2608 quod
1633 2551 1703 2589 ea
1746 2530 1878 2609 ipsa
1922 2533 2051 2591 vita
2093 2532 2366 2605 Pam-inii,
2428 2552 2579 2608 qnae
2622 2531 2720 2591 his
2761 2532 2886 2590 fere

645 2621 1011 2698 temporibus
1058 2621 1393 2697 conscripta
1439 2626 1532 2678 est
1578 2619 1770 2697 (Colg.
1804 2620 1899 2680 IV
1944 2642 2125 2698 supra
2169 2642 2229 2699 p.
2277 2622 2381 2693 32,
2429 2620 2513 2696 5),
2560 2641 2692 2678 311111
2737 2620 2886 2678 Η31-

643 2709 754 2767 rici
810 2709 1155 2767 narratione
1216 2708 1514 2768 consentit
1558 2709 1737 2767 etiam
1783 2709 1857 2766 de
1905 2707 2205 2768 Germano
2251 2708 2582 2768 Patricium
2627 2709 2882 2768 Romam

644 2797 921 2857 mittente
934 2797 964 2854 Ῥ

822 2885 998 2945 Α1133
1041 2906 1137 2945 133
1165 2886 1463 2945 Muirchui
1491 2887 1639 2958 vita,
1684 2906 1721 2944 a
1753 2906 1872 2963 qua
1900 2886 2029 2946 vita
2060 2886 2226 2962 colg.
2257 2885 2330 2942 H
2360 2888 2566 2963 (supra
2595 2906 2653 2963 p.
2681 2887 2783 2958 32,
2816 2886 2885 2961 4)

647 2980 711 3034 et
729 2974 1011 3034 historiae
1034 2974 1356 3034 Britonum
1381 2995 1532 3052 quae
1555 2974 1762 3034 addita
1785 2981 1927 3034 sunt
1947 2975 2200 3034 Patricii
2221 2980 2357 3032 acta
2380 2976 2587 3051 (supra
2607 2996 2665 3051 p.
2689 2975 2789 3045 32,
2818 2975 2884 3050 2)

647 3063 916 3141 profecta
971 3068 1171 3136 sunt,
1128 3064 1153 3098 ¹
1229 3065 1547 3123 memoriae
1592 3063 1875 3143 prodidit.
1965 3065 2190 3124 Narrat
2234 3063 2390 3119 enim
2435 3062 2761 3122 Patricium
2807 3064 2884 3120 ab

528 3172 537 3179 ·
645 3150 942 3208 Hibernia
986 3152 1334 3229 profectum,
1378 3161 1443 3212 ut
1485 3151 1704 3212 vident
1748 3151 1942 3210 sedem
1984 3146 2365 3230 apostolicam
2408 3159 2462 3209 et
2505 3150 2745 3210 disceret
2788 3170 2881 3209 sa·

636 3237 929 3317 pientiam
987 3239 1210 3318 (Capit.
1256 3239 1423 3299 Aidi.
1481 3241 1740 3299 Betham
1783 3239 1881 3311 -Π,
1937 3261 2074 3318 3ΡΡ.
2120 3260 2179 3317 Ρ.
2225 3239 2472 3315 VLIII)
2531 3240 2760 3299 venisse
2819 3239 2885 3297 in

646 3326 904 3385 Galliam
965 3327 1044 3385 ad
1101 3328 1193 3388 St.
1253 3328 1635 3388 Germanum.
1738 3328 1863 3387 Ubi
1932 3348 2063 3386 cum
2121 3333 2458 3391 moraretur
2517 3349 2650 3385 cum
2710 3328 2884 3386 sociis

645 3415 910 3487 Auxilio,
956 3415 1246 3491 Isernino,
1293 3418 1445 3490 aliis,
1490 3419 1710 3476 famam
1757 3437 1883 3475 esse
1928 3417 2170 3476 allatam
2215 3416 2290 3473 de
2320 3416 2593 3475 Palladio
2625 3416 2881 3474 Romam

641 3523 954 3563 reversuro
1001 3511 1064 3565 et
1105 3506 1170 3564 in
1200 3506 1551 3564 Britonibus
1582 3511 1834 3564 mortuo.
1910 3506 2043 3578 Quo
2074 3504 2285 3564 nuntio
2318 3504 2522 3563 audito
2552 3504 2881 3563 Patricium

641 3598 941 3671 receptum
987 3595 1065 3652 ab
1110 3594 1384 3673 episcopo
1415 3593 1825 3669 Amathorege
1870 3595 1968 3668 (cf.
2002 3593 2198 3652 Skene
2228 3592 2315 3664 H,
2361 3614 2421 3669 Ρ.
2454 3593 2580 3650 431
2616 3598 2737 3651 not.
2775 3594 2883 3668 19)

643 3679 706 3737 in
753 3680 1161 3759 episcoporum
1208 3702 1515 3741 numerum
1557 3681 1622 3739 in
1652 3682 2007 3741 Hiberniam
2037 3681 2298 3754 rediisse,
2345 3686 2413 3738 ut
2444 3681 2704 3739 Palladii
2734 3700 2884 3759 opus

643 3767 961 3847 exciperet.
1007 3770 1223 3847 Itaque
1256 3777 1410 3830 teste
1433 3770 1745 3828 Muirchuo
1766 3770 2064 3829 Patricius
2096 3770 2331 3827 omnino
2355 3769 2585 3828 Romae
2607 3789 2726 3827 non
2749 3768 2880 3829 fuit.

819 3856 1046 3917 Contra
1093 3858 1486 3930 Tirechanus‚
1551 3858 1656 3935 qui
1714 3858 1788 3916 de
1833 3858 2105 3916 Palladio
2153 3864 2213 3916 et
2260 3857 2597 3917 Coelestino
2643 3859 2882 3916 omnino

642 3946 825 4004 verba
856 3966 974 4006 11011
1006 3946 1167 4020 fecit,
1201 3966 1558 4023 quamquam
1591 3951 1653 4004 et
1682 3947 1810 4024 ipse
1843 3966 1916 4003 ex
1947 3944 2144 4005 Gallia
2174 3946 2253 4004 ad
2282 3946 2640 4005 Hiberniam
2670 3966 2883 4005 navem

787 4120 809 4153 ²
847 4118 1059 4173 Tamen
1093 4123 1333 4186 utraque
1369 4119 1490 4171 vita
1526 4116 1812 4172 Muirehui
1848 4118 2231 4172 narrationem
2270 4119 2352 4170 ita
2390 4118 2648 4183 mutavit,
2685 4121 2751 4170 ut
2775 4117 2881 4170 Pa-

645 4190 874 4244 tricium
912 4208 1039 4244 cum
1077 4190 1345 4257 episcopo
1381 4188 1643 4242 Romano
1684 4189 1895 4242 arctius
1934 4190 2323 4258 conjungeret,
2363 4205 2497 4240 nam
2532 4190 2693 4257 prior
2722 4190 2883 4256 jussu

687 4277 828 4329 apae
875 4259 1187 4315 Patricium
1234 4260 1305 4312 ab
1353 4259 1745 4326 Amathorege
1794 4264 2177 4313 consecratum
2226 4275 2348 4312 esse
2396 4263 2592 4312 narrat
2638 4259 2878 4329 (Schssll,

641 4279 872 4469 §Herzog
919 4328 1112 4464 Rth
1154 4331 1308 4454 331?
1311 4330 1532 4470 §.23:73,
1598 4330 1779 4382 altera
1828 4329 2067 4383 Romam
2118 4345 2243 4381 eum
2295 4330 2607 4396 perrexisse
2660 4329 2885 4382 addidit

724 4416 924 4454 ennius
1024 4417 1070 4452 1s
1203 4418 1254 4454 11
