3134 5034
1214 347 1288 356 -
1389 274 1646 369 21⁵-

310 511 468 549 mum
502 490 881 569 conspicuum
913 496 1023 567 est,
1073 490 1231 567 quod
1277 488 1564 549 dissensio
1611 488 1716 547 illa
1763 508 1880 546 non
1927 489 2138 563 effecit,
2184 493 2253 547 ut
2297 489 2548 549 schisma

309 585 580 638 oreretur
622 579 685 637 in
730 578 1005 638 Francia.

487 669 657 727 Idem
713 668 786 726 de
840 672 1084 726 tonsura
1130 666 1443 725 dicendum
1489 672 1596 725 est.
1687 665 2042 740 Tonsuram‚
2106 686 2223 743 qua
2266 666 2547 728 Britones

311 759 397 834 (et
430 756 610 830 Scoti,
657 760 728 815 ut
757 756 916 814 infra
947 756 1302 831 videbimus)
1333 756 1673 829 utebantur,
1721 756 1898 814 aliam
1944 756 2124 814 fuisse
2172 762 2352 832 atque
2399 777 2545 831 eam,

310 867 461 924 quae
508 846 815 904 dicebatur
860 851 921 904 et
965 844 1185 903 dicitur
1230 850 1476 903 tonsura
1532 864 1812 917 coronae,
1874 864 1991 921 qua
2035 844 2293 903 Romani
2340 851 2399 904 et
2444 846 2548 904 alii

310 940 481 994 erant
526 934 765 1007 attonsi,
811 933 969 993 inter
1014 953 1215 992 omnes
1260 937 1508 992 constat.
1601 931 1721 992 Sed
1768 933 1959 1009 qualis
2014 934 2196 992 fuerit
2249 934 2363 993 ista
2408 935 2543 992 Bri·

307 1029 515 1083 tonum
560 1029 840 1082 tonsurae
884 1025 1099 1094 forma,
1160 1042 1279 1080 non
1325 1042 1511 1098 aeque
1557 1026 1763 1081 notum
1811 1028 1917 1081 est.
2008 1021 2111 1080 An
2156 1021 2287 1081 fieri
2331 1028 2545 1101 potest,

308 1118 376 1170 ut
420 1111 584 1172 nisus
629 1111 827 1172 verbis
868 1110 1224 1183 Mabilionis,
1271 1130 1422 1186 quae
1450 1110 1705 1171 Jaffeius
1750 1111 2152 1186 (Bibliotheca
2198 1132 2309 1171 rer.
2344 1110 2544 1171 Germ.

307 1201 429 1275 ΙΙΙ,
474 1223 533 1279 p.
567 1202 646 1258 26
696 1207 817 1260 not.
851 1202 916 1278 8)
963 1200 1401 1278 transscripsit:
1451 1196 1729 1260 Britones
1774 1199 2122 1260 anteriorem
2165 1199 2372 1280 capitis
2390 1221 2542 1282 par-

306 1297 419 1348 tem
463 1286 693 1369 capillis
740 1289 973 1349 omnino
1017 1286 1322 1348 nudabant
1367 1286 1444 1347 ab
1487 1308 1631 1349 aure
1677 1288 1760 1348 ad
1803 1308 2035 1360 aurem,
2086 1288 2414 1369 posteriore
2457 1289 2541 1349 in-

304 1385 496 1449 tonsa,
543 1379 738 1438 animo
786 1379 1038 1456 effingas
1083 1379 1246 1436 illam
1291 1384 1574 1437 tonsurae
1618 1377 1912 1437 formam?
1958 1378 2172 1437 Melius
2217 1379 2373 1437 idem
2416 1380 2542 1439 Ma-

302 1467 446 1527 bilio
493 1465 635 1526 Act.
681 1467 775 1541 Π,
836 1489 892 1545 p.
948 1469 1072 1525 120
1122 1467 1225 1526 vit.
1281 1467 1453 1526 Eust.
1513 1488 1647 1525 ann.
1699 1468 1853 1538 625,
1921 1468 2000 1525 12
2051 1474 2172 1526 not.
2219 1468 2259 1525 b
2304 1476 2545 1527 tonsura

304 1551 645 1628 Hibernica,
690 1556 903 1633 inquit,
950 1554 1328 1615 dimidiatam
1375 1575 1655 1615 coronam
1698 1554 2005 1616 reddebat:
2050 1553 2258 1616 scilicet
2296 1555 2370 1616 ab
2401 1575 2545 1616 aure

302 1644 386 1704 ad
430 1664 636 1704 aurem
668 1664 787 1723 per
817 1644 1082 1727 frontem
1124 1644 1188 1703 in
1233 1664 1510 1704 coronam
1555 1663 1753 1705 caesus
1800 1654 1924 1704 erat
1969 1643 2233 1726 capellae,
2280 1644 2356 1705 ab
2400 1665 2543 1706 aare

304 1732 387 1792 acl
441 1751 645 1793 aurem
684 1752 804 1813 per
859 1731 1185 1813 occipitium
1228 1732 1486 1793 intonsus
1533 1732 1906 1814 dependebat.
1998 1734 2163 1794 Talis
2210 1735 2366 1794 enim
2414 1740 2543 1793 erat

304 1820 620 1879 Britonum
690 1828 969 1895 tonsura,
1039 1831 1103 1881 ut
1170 1820 1234 1880 in
1285 1820 1509 1905 frontis
1578 1821 1875 1907 superficie
1941 1842 2185 1883 coronae
2253 1823 2544 1884 videretur

300 1908 546 1990 speciem
595 1909 935 1992 praefero-63
1000 1909 1102 1970 secl
1144 1908 1248 1970 ubi
1288 1910 1372 1970 acl
1415 1910 1691 1971 emicem
1735 1910 2156 1972 considerando
2187 1928 2538 1992 pmenma

301 1997 664 2058 decurtatam
709 2017 866 2071 eam,
914 2018 1095 2081 quam
1137 2007 1190 2059 te
1233 1998 1428 2059 videre
1462 1998 1752 2081 putabas,
1809 1998 2055 2060 invenies
2099 2020 2377 2061 coronam
2422 2004 2537 2079 (ep.

301 2086 589 2146 ceolfridi
635 2088 795 2167 apud
841 2089 1068 2149 Bedam
1114 2089 1171 2146 11.
1219 2109 1266 2147 6.
1317 2089 1373 2160 5,
1424 2090 1502 2146 21
1556 2089 1593 2166 ξ
1643 2088 1815 2164 440).

477 2177 612 2235 Hac
659 2178 861 2236 eadem
917 2183 1163 2236 tonsura
1217 2178 1279 2235 in
1327 2175 1528 2236 Gallia
1590 2196 1824 2254 quoque
1882 2177 2161 2238 Britones
2218 2198 2354 2238 usos
2414 2200 2542 2239 esse

297 2265 700 2325 testimonium
758 2271 849 2325 est
904 2265 1183 2344 Gregorii
1237 2265 1601 2326 Turonensis
1654 2266 1857 2325 hocce:
1927 2262 2396 2349 Fredcqandis.

298 2351 721 2435 Bajocassinos
752 2349 1014 2415 Saxones
1046 2356 1106 2432 (i.
1140 2376 1188 2414 e.
1232 2375 1348 2429 eos,
1396 2355 1501 2432 qui
1544 2376 1795 2434 prope,
1799 2351 2115 2435 ,Bayeaff
2159 2357 2538 2434 habitabant)

284 2438 465 2524 juxta
516 2441 694 2503 vitam
750 2440 1188 2504 Britannorum
1230 2452 1468 2504 tonsos.
1599 2443 1952 2525 ‚praecepit
1998 2445 2078 2521 (h.
2126 2466 2175 2504 e.
2220 2446 2302 2519 X,
2355 2448 2410 2505 9.
2455 2447 2536 2505 H.

297 2532 416 2591 and
461 2530 766 2607 St.11,1
819 2555 875 2611 p.
927 2534 1054 2611 78).
1146 2533 1373 2592 Tamen
1433 2534 1505 2592 de
1551 2487 1690 2592 ‘ulla
1753 2534 2184 2609 controversia,
2256 2556 2407 2613 quae
2465 2555 2538 2593 ex
2640 2530 2644 2537 ⁴

296 2622 405 2680 hac
466 2622 712 2700 propria
771 2622 1090 2682 Britonum
1151 2622 1437 2681 tondendi
1496 2623 1729 2682 ratione
1791 2630 1925 2683 orta
1986 2630 2141 2683 esset
2201 2624 2263 2683 in
2321 2623 2536 2698 Gallia,

296 2711 611 2771 memoriae
657 2711 739 2769 nil
786 2711 1091 2789 proditum
1137 2716 1242 2771 est.

471 2799 547 2859 In
576 2799 876 2878 Hispania
919 2807 1116 2859 autem
1165 2801 1225 2858 in
1271 2800 1521 2860 coneilio
1568 2800 1860 2860 Toletano
1906 2800 2002 2858 IV
2044 2821 2178 2861 ann.
2230 2802 2356 2860 633
2405 2809 2536 2862 ton-

293 2908 464 2949 surae
521 2890 711 2948 forma
768 2889 926 2967 apud
981 2889 1260 2949 Britones
1314 2890 1536 2948 usitata
1592 2889 1998 2949 comdemnata
2052 2896 2162 2951 est.
2253 2891 2406 2950 Nam
2464 2892 2537 2950 de

293 2978 413 3036 alia
468 2978 723 3055 quadam
779 2978 958 3037 tertia
1018 2983 1264 3037 tonsura
1316 2980 1508 3037 forma
1574 2978 1635 3036 in
1696 2979 1921 3055 synodo
1986 2978 2091 3038 illa
2155 2984 2352 3039 actum
2416 3000 2534 3038 non

295 3087 421 3127 esse
467 3072 720 3146 apparet
763 3067 986 3146 partim
1032 3087 1107 3126 ex
1150 3067 1349 3128 verbis
1392 3067 1537 3145 ipsis
1583 3075 1863 3129 tonsurae
1906 3068 2156 3128 formam
2202 3068 2535 3128 describen-

292 3156 453 3216 tibus
464 3201 478 3230 ,
537 3177 690 3235 quae
747 3156 831 3215 sic
887 3157 1110 3235 scripta
1156 3163 1318 3217 sunt:
1389 3175 1584 3216 omnes
1630 3154 1824 3217 clerici
1863 3154 1952 3216 vel
1994 3154 2225 3219 lectores
2269 3157 2413 3217 sicut
2459 3155 2532 3217 le·

291 3243 439 3304 vitae
493 3253 546 3305 et
598 3244 923 3305 sacerdotes
986 3244 1222 3307 detonso
1284 3245 1551 3326 superius
1614 3254 1729 3305 toto
1793 3245 1979 3328 capite
2039 3244 2285 3327 infestus
2349 3244 2537 3307 solam

292 3332 495 3394 circuli
536 3353 814 3394 coronam
858 3331 1212 3417 relinquant,
1266 3354 1383 3394 non
1428 3333 1573 3393 sicut
1616 3332 1906 3415 hucusque
1948 3333 2010 3393 in
2060 3329 2348 3396 Galliciae
2379 3356 2533 3416 par-

290 3421 440 3483 tibus
469 3421 676 3506 facere
722 3419 954 3483 lectores
997 3421 1291 3494 videntur,
1360 3421 1463 3503 qui
1496 3420 1752 3505 prolixis
1796 3432 1858 3483 ut
1905 3420 2044 3483 laici
2083 3422 2264 3483 comis
2307 3423 2369 3483 in
2412 3422 2537 3485 solo

290 3511 499 3592 capitis
567 3510 732 3593 apice
796 3511 1095 3572 modicum
1162 3508 1446 3572 circulum
1512 3512 1762 3572 tondent.
1855 3508 2032 3573 Ritus
2092 3510 2245 3572 enim
2312 3511 2416 3573 iste
2472 3513 2535 3572 in

289 3596 597 3679 Hispania
653 3597 942 3683 hucusque
995 3599 1418 3663 haereticorum
1460 3609 1587 3661 erat
1632 3603 1819 3677 (conc.
1867 3600 1996 3660 Tol.
2042 3601 2154 3675 IV,
2203 3622 2328 3661 can.
2375 3602 2533 3662 XLI
2631 3634 2642 3645 =

289 3689 372 3748 H.
406 3687 644 3749 and·St.
676 3688 762 3762 Π,
811 3692 840 3747 1
877 3711 934 3768 p.
972 3691 1098 3768 99),
1144 3691 1366 3770 partim
1411 3690 1547 3750 inde
1598 3690 1754 3768 quod
1801 3691 1864 3749 in
1910 3689 2168 3750 Gallicia
2211 3691 2531 3751 Britonum

291 3778 582 3839 coloniam
628 3777 809 3837 fuisse
856 3778 1008 3837 aliae
1049 3799 1258 3840 causae
1289 3781 1681 3858 comprobant
1713 3780 1818 3856 (H.
1851 3780 1967 3839 and
1997 3778 2085 3839 St.
2118 3780 2203 3853 H,
2244 3782 2273 3838 1
2310 3803 2368 3859 p.
2404 3780 2530 3861 99).

289 3867 488 3944 Hujus
526 3867 845 3927 Britonum
892 3874 1171 3928 tonsurae
1218 3888 1369 3947 quae
1415 3869 1597 3928 fuerit
1640 3870 1825 3947 origo,
1871 3869 2079 3929 iisdem
2124 3869 2384 3929 tenebris
2431 3871 2532 3928 ob-

289 3963 586 4032 scuratur,
643 3975 793 4032 quae
853 3957 1091 4016 omnino
1152 3964 1431 4018 tonsurae
1490 3958 1831 4037 primordiis
1892 3958 2183 4018 obductae
2237 3964 2377 4017 sunt
2432 3959 2530 4035 (cf.

287 4045 644 4119 Hinschius‚
714 4045 1152 4106 Kirchenrecht
1198 4047 1249 4121 Ι,
1307 4068 1364 4125 p.
1420 4047 1589 4124 104).
1682 4047 1909 4107 Tamen
1965 4047 2196 4106 concilii
2252 4046 2529 4106 Toletani

289 4135 463 4195 illud:
509 4134 694 4206 „ritus
734 4134 889 4195 enim
916 4133 1020 4195 iste
1049 4132 1337 4217 hucusque
1381 4132 1800 4195 haereticorum
1844 4144 2020 4210 erat“,
2068 4156 2199 4194 cum
2245 4136 2531 4195 haeretici

289 4224 379 4282 illi
426 4230 586 4283 certo
631 4244 749 4282 non
797 4224 1169 4301 intelligendi
1215 4226 1336 4284 sint
1381 4224 1661 4284 Britones
1710 4260 1792 4269 —-
1840 4247 1976 4285 nam
2020 4226 2178 4284 inter
2222 4225 2530 4304 episcopos

291 4332 419 4384 eos,
491 4313 593 4389 qui
648 4313 858 4388 synodi
914 4314 1155 4373 statutis
1210 4314 1712 4392 subscripserunt,
1783 4315 2091 4393 episcopus
2155 4313 2395 4390 quidam
2455 4314 2529 4372 de

289 4399 641 4461 Britonibus
671 4402 970 4481 reperitur
1012 4438 1080 4445 —
1119 4403 1521 4464 demonstrare
1551 4408 1752 4482 potest
1782 4404 1937 4463 hunc
1961 4403 2276 4462 Britonum
2309 4423 2526 4462 morem
