3134 5034
1421 292 1900 351 -118—

535 472 803 545 fuissent,
850 472 996 531 haec
1042 478 1173 531 tota
1218 492 1313 531 res
1360 472 1665 530 commoda
1711 491 1830 529 non
1877 477 2020 531 erat.
2112 471 2266 529 Nam
2312 491 2442 529 cum
2460 475 2469 479 ’
2488 470 2578 527 illi
2624 468 2776 546 epis·

536 562 671 640 copi
725 569 853 620 tum
906 562 1022 620 huc
1068 569 1196 622 tum
1241 562 1382 620 illuc
1427 560 1827 639 pervenirent,
1871 559 2003 618 fieri
2047 561 2277 638 potuit,
2334 565 2404 618 ut
2449 560 2608 618 idem
2652 578 2774 616 mo·

534 651 858 709 nasterium
921 651 1093 709 modo
1149 651 1245 712 vel
1301 650 1572 727 pluribus
1617 654 1840 708 tectum
1885 650 2224 727 praeberet,
2284 648 2458 707 modo
2505 647 2776 706 omnibus

534 739 817 817 profectis
847 739 1042 818 ipsum
1071 739 1388 817 parochiae
1421 738 1760 815 episcopum
1790 738 1865 797 ad
1897 738 2236 815 peragenda
2261 758 2427 798 sacra
2450 736 2773 795 ministeria

534 829 792 888 invitare
848 836 1117 887 coactum
1172 833 1327 889 esset
1373 828 1712 905 (Harttung
1755 848 1814 905 p.
1864 827 1992 902 43).
2085 827 2273 886 Plane
2320 846 2460 888 vero
2507 846 2626 884 non
2670 844 2773 904 po-

533 925 735 976 terant
796 917 941 976 ferri
999 917 1089 975 illi
1149 916 1443 994 episcopi,
1513 917 1869 992 simulatque
1935 950 2010 959 —
2076 916 2235 995 quod
2293 916 2358 974 in
2418 915 2775 994 perturbata

531 1007 780 1066 ecclesia
837 1005 1143 1065 Gallorum
1203 1006 1479 1065 facillime
1539 1006 1666 1064 fieri
1728 1005 1928 1083 potuit
1996 1040 2071 1049 —
2137 1011 2308 1065 extra
2367 1005 2653 1063 terminos
2713 1003 2777 1061 in

533 1096 863 1172 privilegiis
921 1095 1039 1153 illis
1099 1095 1453 1154 constitutos
1509 1095 1731 1170 egressi
1788 1094 2111 1171 episcopali
2157 1114 2263 1154 sua
2309 1093 2603 1171 dignitate
2648 1097 2775 1151 ute·

535 1186 771 1243 bantur.
862 1181 1232 1256 Accedebat,
1281 1183 1440 1260 quod
1486 1184 1642 1242 varii
1687 1183 1918 1261 generis
1964 1183 2231 1242 homines
2277 1183 2442 1262 vagi,
2489 1183 2665 1240 liberi
2714 1188 2776 1240 et

533 1274 717 1346 servi,
772 1274 1072 1333 vernaculi
1119 1280 1181 1333 et
1224 1271 1552 1350 peregrini,
1611 1278 1678 1330 ut
1721 1273 1887 1331 nullo
1933 1273 2173 1348 negotio
2221 1272 2298 1330 ad
2344 1272 2597 1331 honores
2642 1290 2775 1349 per-

534 1363 825 1435 venirent,
859 1362 1270 1439 episcoporum
1299 1361 1807 1439 peregrinantium
1839 1361 2095 1439 speciem
2117 1361 2447 1420 induebant
2471 1359 2569 1435 (cf.
2594 1361 2778 1419 Hart-

535 1459 686 1529 tung
729 1472 789 1528 p.
840 1450 968 1527 52).

711 1541 879 1599 Haec
911 1541 1108 1598 omnia
1132 1539 1258 1617 ipse
1284 1538 1575 1598 Columba
1599 1539 1650 1598 si
1674 1545 1800 1598 tum
1826 1539 2050 1612 fuisset,
2081 1538 2596 1599 vehementissime
2622 1538 2776 1598 vitu-

532 1635 813 1707 perasset.
884 1628 1110 1689 Tamen
1142 1633 1203 1687 et
1235 1628 1362 1706 ipse
1393 1634 1455 1688 et
1486 1648 1688 1687 omnes
1713 1628 1879 1688 Scoti
1908 1628 2372 1705 peregrinante8‚
2404 1627 2519 1705 ipsi
2550 1647 2778 1686 summa

532 1718 708 1777 laude'
737 1718 921 1793 digni,
967 1718 1231 1776 insontes
1259 1738 1382 1776 non
1412 1724 1571 1788 sunt,
1618 1717 1839 1794 quippe
1869 1718 1972 1794 qui
2001 1738 2203 1776 omnes
2234 1717 2506 1776 monachi
2534 1716 2774 1788 fuerint,

535 1807 751 1884 quibus
808 1806 869 1864 in
930 1806 1061 1884 ipsa
1122 1807 1601 1885 peregrinatione
1655 1806 2079 1884 peregrinandi
2122 1806 2259 1865 finis
2304 1805 2533 1885 positus
2576 1805 2777 1865 fuerit.

536 1897 694 1957 Num
739 1895 951 1954 mirum
1000 1902 1107 1967 est,
1156 1896 1315 1973 quod
1361 1896 1573 1955 talium
1624 1895 1808 1971 magis
1837 1895 2128 1954 intererat
2157 1895 2557 1954 monachicam
2587 1894 2775 1954 vitam

531 1985 596 2044 in
641 1985 822 2043 laicos
868 2005 1218 2064 propagare,
1266 2004 1443 2061 quam
1489 2004 1729 2043 servare
1772 1984 2148 2062 disciplinam
2180 1983 2676 2043 ecclesiasticam?

710 2074 926 2150 Itaque
974 2073 1183 2150 negari
1228 2092 1347 2132 non
1393 2080 1596 2151 potest
1634 2072 2022 2146 Bonifatium,
2071 2073 2163 2132 cui
2212 2093 2345 2132 cum
2390 2072 2774 2150 peregrinan-
2813 2105 2818 2112 ·

531 2163 697 2222 tibus
743 2162 1037 2240 episcopis
1078 2168 1139 2221 et
1169 2162 1533 2240 presbyteris
1563 2181 1798 2240 pugnas
1827 2162 2008 2221 fuisse
2039 2168 2293 2234 constat,
2341 2161 2772 2239 quodammodo

532 2242 835 2310 obstitisse
882 2250 1195 2311 Scotorum
1256 2251 1319 2309 in
1381 2251 1709 2310 continenti
1769 2251 2132 2310 auctoritati.
2225 2251 2357 2324 Qua
2401 2250 2466 2308 in
2512 2271 2574 2308 re
2618 2250 2769 2309 vitu·

533 2339 830 2419 perandus
877 2345 1047 2411 esset,
1095 2340 1148 2412 si
1190 2340 1253 2398 in
1300 2359 1500 2398 omnes
1546 2340 1875 2417 promiscue
1916 2340 2158 2399 clericos
2189 2344 2479 2416 vagantes
2511 2338 2773 2416 graviter

534 2428 949 2500 consuluissem
995 2429 1100 2487 sed
1145 2428 1304 2504 quod
1351 2428 1681 2488 ministeria
1729 2429 2127 2489 ecclesiastica
2173 2450 2208 2488 a
2253 2427 2774 2507 peregrinantibus

534 2517 744 2595 peragi
799 2517 1018 2588 noluit,
1080 2517 1196 2575 nisi
1241 2518 1318 2575 ab
1365 2517 1466 2591 iis,
1530 2518 1635 2595 qui
1680 2519 1773 2577 vel
1820 2539 1856 2577 a
1899 2518 2173 2595 synodali
2219 2523 2513 2578 conventu
2556 2517 2653 2576 vel
2699 2517 2775 2575 ab

426 2611 432 2618 ’
532 2606 812 2684 episcopo
868 2607 1124 2681 quodam
1178 2605 1346 2683 digni
1391 2613 1589 2672 essent
1631 2606 1886 2679 inventi,
1942 2608 2046 2682 qui
2091 2628 2332 2666 munere
2358 2606 2777 2665 ‘ecclesiastico

532 2696 937 2771 fungerentur,
984 2695 1118 2770 quis
1164 2701 1271 2767 est,
1318 2694 1423 2772 qui
1469 2694 1704 2754 crimini
1750 2695 1852 2754 det
1878 2694 2185 2755 Bonifatio
2202 2696 2231 2755 ?
2301 2695 2405 2755 An
2450 2702 2582 2754 erat
2611 2694 2780 2753 aliud

531 2782 859 2843 remedium
904 2783 1021 2844 nisi
1065 2784 1177 2842 hoc
1223 2803 1431 2857 unum,
1487 2789 1556 2843 ut
1604 2783 1823 2861 singuli
1867 2785 2350 2859 aestimarentur,
2409 2790 2470 2846 et
2512 2804 2623 2862 pro
2670 2783 2809 2843 sua¹

534 2873 787 2950 quisque
848 2871 1145 2950 dignitate
1206 2878 1311 2931 aut
1371 2872 1731 2949 indignitate
1791 2880 1897 2932 aut
1958 2875 2444 2953 comprobaretur
2488 2880 2593 2933 aut
2641 2893 2776 2933 con·

529 2961 957 3022 damnaretur?
1051 2962 1232 3021 Certo
1291 2981 1411 3019 non
1475 2969 1621 3021 erat.
1712 2962 1865 3023 Nam
1928 2982 2059 3021 cum
2121 2962 2433 3024 Scotorum
2497 2961 2776 3021 ecclesiae

534 3070 728 3109 mores
775 3056 836 3110 et
882 3049 1161 3110 credendi
1206 3049 1560 3126 vivendique
1607 3050 1764 3109 ratio
1806 3072 1843 3110 a
1870 3051 2276 3111 Romanorum
2308 3050 2425 3110 nisi
2453 3051 2775 3111 levioribus

529 3138 768 3199 diversa
826 3158 947 3197 non
1005 3145 1226 3212 essent,
1288 3131 1453 3198 Scoti
1510 3159 1622 3217 pro
1682 3140 1804 3199 suis
1865 3140 2114 3218 quisque
2175 3139 2439 3200 moribus
2494 3140 2773 3218 prodesse

531 3232 859 3304 potuerunt
887 3225 1197 3287 Bonifatio
1241 3227 1305 3285 in
1350 3228 1747 3305 praedicando
1794 3231 2103 3307 evangelio
2150 3229 2482 3288 elaboranti
2526 3235 2633 3288 aut
2673 3228 2777 3287 ob·-

528 3336 676 3376 esse.
768 3315 934 3394 Ergo
977 3317 1185 3392 quales
1232 3322 1429 3376 essent
1474 3317 1713 3394 singuli,
1762 3319 2163 3395 quaerendum
2209 3324 2356 3377 erat.

710 3406 846 3465 Hac
906 3406 1108 3465 eadem
1165 3405 1398 3464 ratione
1454 3406 1634 3465 etiam
1685 3406 1874 3483 magis
1927 3427 2076 3485 opus
2123 3413 2252 3466 erat
2295 3407 2359 3465 in
2405 3406 2778 3479 Britonibus‚

531 3493 597 3553 in
644 3513 791 3570 quos
836 3494 994 3553 idem
1039 3494 1408 3566 Bonifatius,
1456 3495 1574 3554 nisi
1619 3495 1746 3573 ipse
1792 3515 1952 3574 papa
1995 3494 2389 3555 recentiorum
2432 3516 2596 3555 more
2640 3493 2778 3553 Bri·

531 3589 705 3642 tones
749 3582 1061 3644 nominans
1106 3582 1316 3643 Scotos
1359 3583 1631 3663 intellegi
1674 3584 1892 3657 voluit,
1939 3585 2003 3642 in
2035 3583 2357 3644 Germania
2398 3583 2615 3643 incidit
2657 3586 2779 3661 (ep.

534 3670 733 3729 Bonis.
781 3672 862 3729 37
909 3671 1089 3745 Jaffa
1146 3671 1303 3730 Bibl.
1349 3691 1462 3731 rer.
1512 3671 1715 3732 Germ.
1761 3672 1883 3746 III,
1929 3694 1988 3751 p.
2042 3674 2209 3750 103).
2284 3673 2441 3735 Nam
2482 3673 2599 3732 etsi
2642 3671 2778 3731 Bri·

532 3764 738 3818 tonum
800 3761 1044 3819 ecclesia
1104 3780 1139 3818 a
1183 3760 1457 3820 Romana
1516 3762 1711 3820 minus
1773 3761 2159 3822 dissentiebat
2223 3782 2401 3839 quam
2447 3760 2778 3835 Scotorum,

536 3853 762 3921 tamen,
811 3847 952 3925 quia
996 3848 1253 3908 Romani
1297 3869 1417 3908 una
1463 3870 1595 3910 cum
1645 3849 1864 3929 Anglis
1909 3851 2056 3911 adeo
2102 3851 2164 3910 in
2211 3850 2530 3911 Britonum
2577 3850 2778 3909 odium

529 3938 866 4010 subierant,
928 3942 1000 3997 ut
1040 3938 1322 3997 Britones
1383 3958 1502 3997 non
1556 3941 1745 3998 solum
1802 3960 1935 3999 cum
1981 3939 2201 4018 Anglis
2257 3940 2360 3999 sed
2415 3940 2597 3999 etiam
2642 3958 2776 3999 cum

532 4025 847 4098 Romanis,
907 4047 984 4086 ne
1036 4027 1229 4087 dicam
1284 4046 1416 4086 cum
1470 4028 1745 4088 omnibus
1798 4028 2134 4089 christianis
2178 4049 2422 4088 romano
2435 4062 2456 4075 ·
2470 4026 2778 4088 catholicis

481 4193 484 4196 .
527 4114 952 4174 commercium·
1006 4116 1224 4175 habere
1283 4116 1512 4177 nollent
1529 4116 1573 4190 ¹,
1633 4116 1915 4177 Britones
1972 4118 2038 4177 in
2084 4116 2413 4178 Germania
2471 4121 2778 4177 versantes

595 4367 601 4372 .
679 4326 699 4358 ¹
738 4309 811 4380 In
834 4326 1141 4396 Bajuvaria
1166 4326 1398 4380 ineunte
1436 4326 1661 4380 saeculo
1688 4329 1890 4380 octavo
1918 4323 2305 4390 Gorbiniauus‚
2348 4343 2475 4396 cum
2497 4326 2776 4380 leviorem

531 4396 608 4450 ob
656 4415 882 4452 causam
928 4396 1115 4452 eidem
1150 4413 1402 4460 mensae,
1454 4398 1545 4452 cui
1582 4395 1945 4452 Grimoaldus
1984 4399 2098 4453 dux
2136 4397 2476 4464 accubabat,
2525 4397 2777 4452 assidere
