3134 5034
1410 269 1846 326 ...10-

499 445 797 508 communi
837 445 1100 507 manium
1141 444 1401 528 judicic,
1464 455 1528 521 ut
1573 443 1967 507 sanctissimae
2001 443 2262 527 paschae
2290 444 2585 528 festivius
2628 465 2746 507 uno

498 536 809 619 eodemque
852 535 947 597 die
992 535 1387 598 celebreratur.

677 625 991 686 Accedunt
1037 626 1260 685 Hilarii
1305 626 1678 685 Pictavensis
1724 625 1909 685 verba
1953 624 2197 684 haecce:
2266 621 2650 686 dilectissimis
2696 635 2748 687 et

498 714 839 775 beatissimis
882 713 1180 797 fratribus
1224 723 1277 776 et
1322 713 1672 796 coepiscopis
1724 711 2063 796 provinciae
2110 708 2466 775 Germaniae
2514 712 2747 794 primae

593 813 710 867 .et
744 802 1193 884 provinciarum
1237 800 1701 864 Britanniaram
1745 800 2031 904 episcqois
2077 798 2375 863 Hilarius.
2423 839 2507 849 -
2540 848 2745 863 .....

494 891 825 974 yratulatus
868 913 1003 953 sum
1049 938 1063 952 .
1097 936 1111 952 .
1145 937 1158 951 .
1203 913 1306 954 vos
1350 902 1402 953 et
1444 889 1674 953 illaesos
1719 891 1796 951 ab
1840 890 2003 952 omni
2058 891 2321 973 contaqio
2381 891 2749 954 detestandae

497 980 794 1042 haerescos
826 981 1150 1062 perstitisse
1195 983 1292 1058 (de
1339 982 1580 1059 synodis
1596 1027 1611 1055 ,
1656 981 1993 1057 Prolegom.
2041 988 2119 1040 et.
2165 983 2201 1060 ξ
2250 982 2307 1040 2.
2356 1002 2450 1060 οΡ.
2498 982 2588 1041 ed.
2634 982 2747 1042 Be-

498 1072 630 1133 ned.
676 1072 727 1129 Ι.
773 1094 832 1150 p.
887 1072 1054 1131 1149
1104 1079 1165 1131 et
1217 1072 1414 1149 1151)
1476 1078 1538 1130 et
1597 1070 1921 1129 Athanasii
1979 1070 2056 1128 ad
2108 1070 2350 1130 Jovian.
2406 1071 2547 1148 imp.
2595 1073 2745 1148 (syn.

497 1182 587 1239 ep.
643 1181 757 1220 ecc.
814 1161 991 1220 Alex.
1049 1181 1103 1220 a.
1157 1161 1311 1220 dom.
1370 1162 1497 1220 303
1555 1180 1649 1238 οΡ.
1706 1160 1796 1218 ed.
1850 1159 2039 1219 Paris.
2087 1158 2139 1231 Ι,
2193 1180 2252 1237 p.
2302 1160 2456 1233 781)
2502 1159 2746 1220 haecce.

596 1248 809 1309 .h‚anc
832 1249 1027 1333 fidem
1073 1258 1278 1332 patres
1323 1249 1426 1331 qui
1470 1245 1738 1318 Nicaeae
1787 1256 2165 1308 convenerunt
2223 1246 2510 1329 confessos
2554 1246 2750 1330 finisse

497 1359 734 1420 eamque
778 1338 1060 1422 saffra9i0
1107 1359 1211 1399 suo
1257 1335 1638 1418 comprobare
1680 1335 1980 1397 universas
2022 1335 2194 1397 totius
2255 1335 2412 1397 orbis
2464 1334 2746 1411 eccksias,

496 1447 704 1508 nempe
735 1424 1084 1509 Hispaniae,
1132 1424 1509 1499 Britanniae,
1545 1421 1783 1488 Galliae
1814 1435 1911 1486 et.
2069 1426 2303 1499 Quibus
2348 1433 2590 1529 patrum
2619 1427 2745 1487 illo-

496 1539 629 1577 rum
674 1517 1155 1590 orthodoxorum,
1201 1523 1414 1595 utpote
1461 1517 1565 1594 qui
1612 1536 1811 1574 rerum
1852 1470 2337 1575 Britannicarum
2385 1535 2504 1574 non
2551 1516 2747 1593 ignari

495 1606 743 1679 fuerint,
800 1607 999 1666 verbis
1046 1606 1362 1666 maximam
1407 1606 1587 1665 fidem
1633 1604 2073 1682 adjungendam
2120 1624 2245 1663 esse
2290 1604 2430 1662 inde
2477 1612 2746 1684 apparet,

497 1696 656 1773 quod
701 1701 856 1755 teste
902 1695 1034 1772 ipso
1081 1696 1416 1755 Athanasio
1466 1714 1621 1753 anno
1658 1695 1784 1753 347
1819 1693 2067 1752 concilio
2111 1691 2448 1751 Sardicensi
2495 1695 2599 1771 (H.
2631 1695 2750 1753 and

497 1784 587 1846 St.
637 1785 688 1843 I.
735 1806 793 1862 p.
844 1785 909 1859 8)
958 1792 1018 1844 et
1063 1790 1217 1844 teste
1264 1783 1530 1861 Sulpicio
1581 1782 1801 1844 Severo
1848 1801 2004 1840 anno
2052 1781 2179 1839 359
2228 1781 2475 1841 concilio
2522 1782 2747 1842 Arimi-

496 1874 665 1932 nensi
712 1873 817 1950 (H.
850 1874 969 1931 and
1001 1873 1089 1933 St.
1121 1874 1175 1946 Ι,
1207 1895 1264 1952 p.
1301 1876 1366 1951 9)
1413 1873 1687 1932 nonnulli
1732 1871 2050 1930 Britonum
2097 1870 2361 1948 episcopi
2408 1871 2747 1932 adfuerunt.

496 1963 660 2040 Ergo
691 1963 1062 2040 temporibus
1093 1963 1416 2021 Athanasii
1463 1961 1707 2021 ecclesia
1754 1959 2070 2019 Britonum
2118 1981 2155 2018 a
2202 1961 2610 2020 communione
2656 1982 2746 2020 ec·

497 2052 706 2112 clesiae
752 2051 1078 2111 catholicae
1124 2072 1315 2130 neque
1360 2052 1477 2110 fide
1523 2070 1715 2128 neque
1761 2048 2023 2108 moribus
2068 2048 2476 2111 dissentiebat.
2538 2049 2748 2110 Gildas

496 2142 685 2219 igitur
732 2141 894 2215 (hist.
928 2143 963 2219 g
1001 2142 1101 2199 12.
1147 2164 1204 2220 Ρ.
1245 2143 1369 2217 19),
1420 2160 1592 2218 quem
1641 2139 1809 2197 Beda
1855 2137 2128 2214 sequitur
2173 2139 2256 2214 (h.
2289 2160 2336 2198 e.
2378 2141 2434 2211 1,
2469 2140 2507 2196 8
2550 2141 2585 2217 ξ
2619 2140 2747 2216 22),

498 2251 630 2289 cum
661 2229 809 2288 dicit
838 2227 1132 2288 Arianam
1177 2229 1485 2307 perfidiam
1533 2226 1928 2286 transmarina
1972 2232 2310 2287 vomentem
2355 2248 2585 2287 venena
2628 2229 2746 2287 fra-

495 2326 619 2378 tres
664 2319 871 2378 fecisse
919 2318 1169 2394 sejungi,
1216 2318 1454 2376 videtur
1493 2336 1619 2374 rem
1651 2315 1850 2375 verbis
1880 2315 2114 2375 auxisse
2147 2318 2246 2392 (cf.
2279 2317 2499 2394 Bright
2528 2338 2585 2395 p.
2624 2318 2746 2394 12).

676 2407 933 2485 Pelagiii
978 2412 1178 2466 autem
1224 2406 1531 2465 doctrinae
1581 2405 1685 2483 qui
1729 2406 2018 2478 faverent,
2066 2406 2269 2483 paullo
2316 2412 2455 2485 post
2495 2407 2558 2465 in
2610 2405 2745 2465 Bri-

497 2497 703 2556 tannia
747 2497 929 2555 fuisse
975 2496 1305 2575 permultos
1352 2493 1772 2573 suspicandum
1820 2500 1911 2553 est
1955 2513 2075 2553 non
2121 2500 2245 2554 tam
2294 2495 2436 2572 quia
2465 2495 2748 2573 Pelagius

497 2586 737 2645 natione
783 2592 915 2645 erat
958 2584 1132 2644 Brito
1164 2619 1252 2628 -—
1284 2604 1421 2643 nam
1468 2604 1587 2642 non
1633 2583 1696 2642 in
1741 2583 1941 2660 patria
1987 2605 2092 2644 sua
2122 2583 2434 2661 Pelagium
2459 2588 2460 2591 ’
2481 2584 2749 2644 docuisse

499 2680 733 2735 constat
781 2709 863 2718 -—
913 2695 1090 2751 quam
1138 2694 1212 2732 ex
1256 2672 1543 2751 Prosperi
1589 2672 1662 2730 de
1708 2671 1886 2731 misso
1935 2671 2236 2732 Germano
2297 2673 2495 2732 verbis
2512 2716 2526 2745 ,
2595 2693 2749 2750 quae

499 2764 863 2841 Agricolam,
911 2762 1316 2839 Pelagianum,
1364 2760 1689 2833 Severiani,
1739 2761 2003 2840 episcopi
2046 2762 2376 2839 Pelagiani‚
2422 2762 2612 2821 filium
2659 2783 2748 2821 ec·

502 2853 709 2913 clesias
739 2850 1092 2910 Britanniae
1139 2850 1435 2927 dogmatis
1482 2852 1574 2910 sui
1620 2849 2021 2911 insinuatione
2071 2851 2401 2930 corrupisse
2447 2858 2751 2912 testantur

499 2944 723 3017 (chron.
757 2963 809 3000 a.
843 2941 996 2999 dom.
1047 2940 1173 2997 429
1224 2959 1318 3018 οΡ.
1351 2938 1403 3013 Ι,
1439 2941 1587 2998 401.
1636 2938 1840 3000 Sohcll
1870 2962 1929 3019 p.
1967 2943 2079 3019 26)
2126 2941 2380 3017 denique
2427 2962 2501 2999 ex
2545 2941 2749 3000 libello

500 3033 622 3102 illo,
658 3050 831 3107 quem
863 3029 1071 3088 iisdem
1102 3030 1225 3086 fere
1256 3029 1628 3106 temporibus
1659 3029 1980 3102 Fastidius,
2012 3031 2254 3089 natione
2283 3029 2457 3089 Brito
2490 3034 2749 3089 testante

501 3118 830 3190 GennadiO,
879 3117 1243 3194 Pelagianus
1289 3124 1443 3178 teste
1488 3119 1621 3198 ipso
1667 3119 1887 3190 libello,
1935 3118 2009 3176 de
2055 3119 2180 3177 vita
2228 3118 2549 3177 christiana
2595 3136 2748 3176 com-

500 3207 700 3286 posuit
747 3206 972 3283 (Mfligne
1018 3205 1187 3265 Patr.
1236 3207 1337 3267 lat.
1390 3207 1491 3281 50,
1543 3210 1581 3265 2
1630 3230 1688 3286 Ρ.
1738 3208 1865 3265 383
1914 3227 2043 3284 sqq.
2106 3206 2177 3263 cf.
2224 3206 2640 3289 Wagenmann
2686 3204 2748 3263 in

501 3295 927 3373 Herzog-Plitt
956 3295 1034 3357 R.
1066 3295 1138 3354 E.
1172 3295 1309 3357 Art.
1342 3296 1691 3373 Fastidius).
1768 3296 1945 3354 Hanc
1990 3293 2223 3370 Pelagii
2266 3294 2559 3353 haeresim
2599 3293 2748 3353 Ger·

499 3405 709 3444 manus
770 3384 1000 3444 duobus
1061 3385 1375 3446 itineribus
1431 3387 1760 3445 eradicasse
1807 3383 2028 3443 dicitur
2074 3382 2204 3456 (vit.
2252 3380 2455 3466 Germ.
2502 3385 2583 3442 H.
2631 3384 2750 3443 and

501 3473 588 3534 St.
637 3473 688 3546 Ι,
735 3494 791 3551 p.
842 3475 923 3549 ,16
974 3495 1059 3550 sq.
1116 3476 1193 3533 18
1242 3478 1373 3552 sq.),
1437 3474 1773 3552 Prosperus
1828 3477 2024 3530 autem
2082 3472 2156 3530 de
2203 3471 2541 3532 Goelestino
2588 3495 2750 3552 papa

501 3562 864 3621 Germanum
926 3563 1200 3623 mittente
1259 3584 1378 3623 non
1438 3565 1616 3641 plura
1673 3582 1850 3638 quam
1907 3560 2053 3622 dum
2098 3556 2471 3633 Romanam,
2532 3563 2749 3641 inquit,

499 3647 752 3711 insulam
797 3651 1031 3713 studet
1075 3671 1305 3712 servare
1351 3648 1696 3711 catholicam
1743 3653 1953 3724 (contr.
1987 3649 2133 3710 Coll.
2169 3651 2249 3708 21
2303 3670 2381 3729 οΡ
2414 3651 2480 3726 .I,
2527 3675 2586 3731 p.
2625 3654 2746 3710 197

501 3741 580 3799 Η.
629 3740 746 3798 and
793 3739 881 3800 St.
929 3741 979 3813 Ι,
1026 3763 1082 3818 Ρ.
1136 3743 1260 3818 16),
1309 3741 1511 3816 itaque
1558 3740 1804 3800 dubium
1862 3748 1983 3813 est,
2052 3759 2193 3798 num
2252 3741 2422 3800 brevi
2483 3748 2751 3819 tempore

503 3830 812 3889 evanuerit
845 3831 905 3888 in
938 3829 1257 3896 Britannia
1298 3829 1558 3889 haeresis
1590 3829 1935 3905 Pelagiana.
2027 3828 2148 3889 Sed
2192 3831 2458 3908 profecto
2505 3829 2750 3888 dubium

503 3938 619 3977 non
667 3924 787 3991 est,
838 3918 980 3995 quin
1037 3951 1109 3963 -
1164 3918 1391 3977 omissis
1408 3962 1422 3991 ,
1490 3940 1643 3995 quae
1691 3919 1762 3977 de
1809 3918 2081 3978 doctrina
2126 3918 2361 3996 Pelagii
2407 3938 2750 3978 commemo-

502 4007 762 4066 ravimus
811 4012 873 4064 et
912 4008 1049 4081 jure
1096 4006 1325 4065 omissis
1372 4027 1510 4066 nam
1555 4028 1744 4086 paene
1790 4013 1981 4066 totam
2028 4009 2189 4067 illius
2236 4007 2521 4086 temporis
2568 4008 2750 4067 eccle-

503 4094 649 4154 siam
699 4093 966 4153 docuisse
1015 4100 1248 4156 constat
1295 4096 1403 4154 tali
1448 4098 1682 4156 ratione
1700 4143 1713 4170 ,
1762 4117 1916 4173 quae
1959 4097 2194 4175 Pelagii
2240 4096 2545 4155 doctrinae
2591 4096 2750 4155 simi·-

500 4184 616 4242 lior
659 4182 840 4241 fuerit
887 4204 1066 4259 quam
1113 4183 1443 4262 Augustini
1489 4221 1579 4231 —
1624 4186 1941 4246 Britonum
1988 4185 2262 4257 ecclesia,
2326 4185 2522 4262 quoad
2566 4185 2750 4264 impe·

500 4272 654 4330 rium
699 4271 1035 4332 Romanum
1081 4275 1143 4333 in
1189 4274 1512 4335 Britannia
1558 4276 1870 4336 constabat
1915 4275 1953 4334 i.
2001 4296 2049 4333 e.
2097 4295 2133 4332 a
2177 4272 2520 4351 primordiis
2564 4292 2751 4349 usque

504 4361 580 4422 ad
626 4382 846 4423 annum
897 4363 1133 4426 circiter
1181 4365 1308 4423 450
1356 4366 1533 4445 plane
1581 4365 1913 4425 orthodoxa
1958 4364 2039 4423 sit
2083 4361 2373 4421 habenda.
