3134 5034
1293 309 1748 367 ..„5—.

371 488 558 548 thecis
636 487 835 566 regiae
900 488 1277 547 Berolinensi
1337 492 1397 546 et
1455 487 1654 564 regiae
1713 487 2037 546 Dresdensi
2098 493 2159 547 et
2218 486 2615 547 bibliothecae

371 577 782 638 universitatis
815 577 1230 654 Gottingensis
1261 583 1562 654 praesunt,
1610 576 1835 653 gratias
1866 576 2216 653 persolvam,
2266 576 2425 653 quod
2470 597 2612 635 non-

372 668 562 726 nullos
609 667 823 740 libros,
897 667 999 745 qui
1059 667 1120 724 in
1168 673 1404 725 nostrae
1451 665 1616 725 urbis
1662 665 2040 725 bibliothecis
2087 667 2329 739 desunt,
2403 686 2615 744 eosque

373 756 518 815 mihi
565 756 824 815 omnium
871 755 1214 815 utilissimos
1259 755 1405 813 mihi
1460 754 1950 813 transmittendos
1997 754 2328 815 liberaliter
2375 775 2613 815 curave-

371 852 539 918 runt,
587 851 648 903 et
691 850 761 903 ut
806 867 841 904 a
885 844 1206 904 lectoribus
1252 849 1482 922 petam,
1530 850 1600 901 ut
1646 843 2009 916 condonent,
2060 845 2217 920 quod
2265 845 2396 903 aliis
2443 844 2615 903 libris

371 934 770 1007 Britannicis,
839 941 1049 1011 utpote
1119 953 1266 1009 quos
1335 932 1586 1010 adipisci
1654 953 1773 991 non
1842 933 2171 1010 potuerim,
2248 933 2310 993 vi
2378 939 2615 993 coactus

371 1023 464 1084 uti
509 1022 696 1084 omisi.

552 1112 722 1171 Haec
766 1112 838 1170 de
883 1111 1082 1184 libris,
1146 1110 1248 1188 qui
1309 1110 1652 1186 adjumento
1700 1110 1842 1168 mihi
1891 1115 2077 1169 erant.
2169 1110 2369 1188 Ipsius
2416 1110 2614 1188 dispu-

372 1201 616 1261 tationis
647 1201 952 1260 exordium
985 1202 1060 1260 ab
1092 1200 1366 1259 Ebrardo
1398 1198 1519 1258 fiat.
1614 1197 1958 1258 Sententiae
1991 1202 2118 1275 ejus
2149 1220 2373 1258 summa
2404 1200 2616 1263 haecce

375 1296 496 1350 est:
544 1289 861 1349 Britonum
893 1288 1325 1366 Scotorumque
1357 1288 1617 1361 ecclesia,
1673 1288 2008 1363 „culdeica“
2058 1291 2192 1363 jure
2238 1288 2614 1361 nominanda,

374 1379 514 1458 quia
575 1378 884 1439 christiani
937 1378 1275 1438 Britannici
1321 1384 1382 1436 et
1429 1376 1650 1437 Scotici
1710 1383 1771 1436 et
1833 1374 2296 1436 nominabantur
2341 1385 2401 1437 et
2446 1383 2619 1436 erant

372 1468 581 1528 culdei
627 1468 665 1525 i.
699 1489 746 1527 e.
793 1468 909 1528 viri
954 1468 1067 1540 dei,
1114 1465 1623 1545 peregrinantium
1671 1486 1851 1544 opera
1896 1473 2231 1544 propagata
2275 1487 2383 1544 per
2427 1472 2616 1525 totam

372 1557 663 1630 Galliam,
713 1556 1095 1616 Germaniam
1113 1602 1127 1628 ,
1187 1556 1530 1615 Helvetiam
1576 1556 1778 1632 paullo
1824 1561 1964 1615 ante
1988 1555 2301 1614 ‘Bonifatii
2347 1562 2617 1632 tempora

371 1647 584 1705 mirum
631 1645 694 1704 in
739 1645 978 1704 modum
1034 1646 1122 1705 ita
1166 1644 1449 1717 florebat,
1518 1650 1589 1702 ut
1647 1664 1768 1703 una
1828 1650 1889 1704 et
1944 1644 2159 1723 spiritu
2205 1651 2266 1704 et
2311 1645 2427 1703 fide
2473 1644 2616 1721 quin

372 1735 555 1811 etiam
594 1734 1039 1810 jurisdictione,
1090 1735 1312 1812 quippe
1362 1754 1513 1811 quae
1558 1733 1839 1794 universa
1886 1734 2121 1792 abbatis
2168 1733 2435 1792 Hiiensis
2480 1753 2614 1811 pro-

373 1822 569 1883 vincia
614 1829 786 1896 esset,
835 1823 1174 1900 evangelica
1206 1823 1450 1881 ecclesia
1481 1843 1669 1900 paene
1716 1822 2006 1900 appellari
2051 1829 2267 1899 posset,
2315 1843 2451 1881 nam
2498 1842 2618 1880 non

373 1913 561 1973 solum
604 1911 795 1970 libera
843 1919 972 1972 erat
1010 1911 1427 1987 jurisdictione
1472 1911 1678 1989 papali
1722 1931 1909 1987 eaque
1955 1910 2028 1969 de
2077 1931 2251 1969 causa
2297 1912 2618 1989 respuebat

373 2021 601 2061 errores
645 2021 938 2074 romanos,
985 2005 1322 2062 sanctorum
1371 2006 1431 2059 et
1475 1999 1860 2076 reliquiarum
1906 2000 2156 2072 cultum,
2203 2000 2456 2058 honores
2500 2000 2616 2059 vir·

372 2091 617 2168 ginitati
662 2089 928 2163 habitos,
977 2089 1445 2149 communionem
1491 2089 1601 2147 sub
1646 2107 1793 2161 una,
1842 2087 1960 2145 alia
2005 2089 2222 2161 multa,
2270 2088 2372 2147 sed
2419 2088 2616 2161 etiam,

364 2174 530 2257 ‘quod
577 2178 767 2255 majus
815 2185 935 2253 est,
984 2198 1184 2237 omnes
1231 2178 1406 2253 hujus
1454 2177 1732 2236 ecclesiae
1778 2177 2154 2250 sacerdotes,
2200 2197 2374 2254 pares
2420 2177 2613 2252 digni-

370 2273 526 2342 tate,
583 2268 868 2328 uxoribus
913 2289 1032 2327 non
1078 2272 1375 2339 carenteS,
1438 2265 1927 2342 justificationem
1974 2287 2046 2323 ex
2090 2266 2207 2324 fide
2257 2272 2319 2325 et
2364 2285 2613 2344 evange-

374 2358 549 2417 licam
594 2356 836 2417 vivendi
882 2357 1174 2417 rationem
1220 2355 1506 2434 populum
1552 2356 1863 2414 docebant.
1932 2389 2006 2398 —
2071 2354 2351 2414 Profecto
2397 2356 2615 2431 gaudio

371 2453 526 2506 esset
556 2446 728 2504 nobis
761 2445 1132 2523 evangelicis,
1180 2444 1231 2504 si
1262 2465 1357 2503 res
1397 2445 1484 2504 ita
1513 2464 1640 2504 sese
1671 2445 1936 2517 haberet,
1984 2444 2086 2503 sed
2129 2479 2201 2488 -
2238 2444 2388 2521 proh
2421 2445 2646 2515 dolori,

369 2540 603 2594 tantum
668 2536 870 2608 abest,
939 2541 1007 2594 ut
1035 2592 1047 2603 ,
1065 2535 1209 2593 haec
1253 2533 1515 2593 Ebrardi
1576 2532 1872 2593 sententia
1917 2532 2172 2593 veritate
2219 2533 2478 2606 nitatur,
2547 2538 2617 2592 ut

371 2626 496 2683 fere
542 2624 769 2698 omnia,
843 2644 993 2701 quae
1040 2622 1271 2702 profert
1280 2669 1293 2697 ,
1354 2623 1503 2681 falsa
1550 2622 1686 2681 sint.
1780 2621 1956 2695 Quod
2002 2622 2146 2681 satis
2193 2621 2509 2700 apparebit
2552 2622 2614 2679 in

374 2713 476 2786 eis,
524 2733 675 2789 quae
722 2719 1067 2789 sequuntur,
1116 2712 1229 2772 etsi
1274 2712 1599 2790 permulta,
1648 2732 1799 2787 quae
1846 2718 2051 2770 contra
2095 2711 2432 2770 Ebrardum
2483 2731 2615 2770 con-

376 2802 758 2881 scripseram,
821 2802 982 2880 typis
1029 2801 1414 2879 exprimenda
1461 2807 1580 2859 non
1629 2821 1752 2860 esse
1801 2801 2029 2873 censui,
2090 2822 2163 2859 ne
2209 2800 2403 2860 virum
2449 2799 2615 2858 illum

377 2897 437 2949 et
497 2890 737 2950 canitiei
792 2897 1136 2949 ornamento
1200 2897 1261 2949 et
1319 2911 1536 2966 magna
1598 2889 1930 2949 studiorum
1976 2889 2266 2948 varietate
2329 2895 2389 2948 et
2446 2888 2617 2966 copia

370 2979 678 3054 juventuti
707 2999 870 3038 meae
903 2979 1216 3038 admodum
1248 2979 1665 3052 venerabilem,
1712 2979 1846 3056 plus
1893 2998 2070 3055 quam
2116 2979 2235 3036 fert
2279 2976 2616 3050 necessitas,

375 3088 617 3145 cogerer
661 3068 1018 3145 vituperare.
1112 3068 1231 3129 Sed
1276 3069 1349 3127 de
1394 3068 1631 3127 nomine
1679 3062 2036 3127 Ouldeoruin
2093 3087 2284 3145 pauca
2337 3065 2615 3145 praemit-

373 3164 499 3216 tere
538 3161 731 3233 juvat.
1584 3203 1587 3207 .
1624 3203 1628 3207 .

553 3246 790 3322 Ouldei,
838 3267 1089 3324 quorum
1135 3266 1349 3305 nomen
1394 3242 1586 3319 XImi,
1634 3241 1863 3319 XIImi,
1911 3241 2149 3303 XIIImi
2205 3245 2423 3309 saeculi
2467 3251 2615 3304 tem-

371 3336 613 3413 poribus
660 3337 1001 3413 saepissime
1049 3336 1306 3395 occurrit
1350 3336 1411 3393 in
1443 3335 1741 3394 Hibernia
1788 3342 1848 3395 et
1880 3333 2098 3407 Scotia,
2144 3339 2288 3393 tunc
2333 3334 2617 3412 temporis

373 3431 543 3485 erant
604 3425 802 3484 clerici
862 3425 1198 3502 regulares,
1270 3424 1554 3484 simillimi
1617 3424 1913 3484 canonicis
1961 3423 2182 3500 (Skene
2227 3422 2312 3496 II,
2360 3445 2416 3500 p.
2468 3424 2616 3498 277,

375 3512 502 3573 356
550 3535 679 3592 sqq.
705 3515 729 3550 ¹
778 3515 849 3572 cf.
896 3514 1104 3573 Braun
1151 3536 1208 3592 p.
1263 3515 1387 3591 19),
1455 3514 1547 3574 vel
1606 3514 1814 3572 saltem
1874 3513 2025 3571 tales
2087 3532 2211 3572 esse
2265 3511 2616 3571 debuerunt.

372 3603 526 3663 Nam
574 3604 732 3681 a'pud
765 3603 1135 3680 quarundam
1170 3603 1545 3662 ecclesiarum
1578 3601 1833 3662 Culdeos
1866 3601 2153 3679 (ecclesiis
2185 3601 2339 3659 enim
2372 3601 2617 3679 ascripti

374 3696 547 3750 erant
608 3710 925 3767 earumque
984 3693 1180 3752 reditu
1198 3736 1212 3764 ,
1296 3693 1392 3753 vel
1455 3691 1698 3752 decimis
1759 3691 2024 3750 fidelium
2085 3691 2180 3751 vel
2240 3691 2614 3767 praediorum

372 3779 682 3853 fructibus,
728 3780 1103 3857 fruebantur)
1135 3781 1450 3859 disciplina
1495 3781 1641 3841 adeo
1690 3782 1945 3858 collapsa
1993 3785 2138 3853 erat,
2186 3786 2272 3852 ut,
2318 3800 2392 3839 ne
2424 3780 2616 3839 dicam

259 3922 267 3929 .
372 3869 446 3928 de
491 3869 641 3942 aliis,
690 3868 868 3927 etiam
913 3869 1151 3946 publice
1199 3869 1261 3927 in
1307 3870 1700 3931 matrimoniis
1745 3871 1839 3931 vel
1887 3889 2019 3928 cum
2066 3868 2407 3928 concubinis
2453 3869 2615 3930 vive·

372 3964 509 4018 rent
557 3956 778 4035 (Skene
824 3957 911 4030 II,
958 3979 1015 4035 p.
1066 3958 1190 4017 356
1241 3962 1370 4051 sq).
1462 3960 1598 4019 Hac
1643 3960 1774 4039 ipsa
1822 3960 1895 4019 de
1942 3978 2118 4018 causa
2165 3957 2434 4036 oppressi
2479 3964 2618 4017 sunt

558 4133 579 4163 1
619 4131 806 4186 Skene
843 4130 923 4196 II,
983 4150 1036 4200 p.
1079 4131 1209 4186 359:
1273 4131 1426 4198 „The
1464 4131 1798 4202 eommunity
1833 4133 1902 4200 of
1931 4131 2015 4185 the
2054 4131 2271 4186 Culdees
2307 4146 2418 4184 was
2454 4128 2616 4199 origi-

373 4203 525 4273 nally
561 4221 597 4257 a
633 4203 819 4273 colleye
855 4203 924 4272 of
952 4203 1159 4257 secular
1197 4203 1389 4272 cleryy,
1427 4204 1542 4257 who
1581 4203 1717 4258 lived
1755 4203 1987 4272 toyether
2022 4203 2132 4257 and
2168 4200 2455 4255 submitted
2492 4202 2545 4254 to
2582 4218 2619 4254 a

373 4274 506 4339 ναῖε,
547 4273 633 4328 the
665 4274 945 4343 principal
980 4273 1338 4342 requirement
1372 4277 1443 4344 of
1470 4274 1641 4329 which
1675 4290 1787 4328 was
1824 4291 1861 4327 a
1897 4290 2138 4328 common
2164 4272 2337 4326 table“
2363 4303 2428 4311 —-
2457 4271 2619 4341 „they

371 4361 507 4399 were
542 4346 834 4415 amloyous
872 4347 924 4399 to
961 4345 1171 4400 secular
1208 4351 1463 4400 canone.“
1536 4345 1735 4400 Reeves
1780 4361 1850 4400 on
1898 4344 1983 4399 the
2020 4344 2235 4399 ancient
2270 4342 2523 4396 churehes
2560 4343 2628 4410 of

372 4417 617 4488 Armaqh
642 4434 706 4486 p.
745 4418 840 4471 21.
