3134 5034
1474 287 1918 345 ...88—

578 468 927 527 Theodorus
958 466 1434 551 archiepiscopus
1472 471 1602 524 tum
1632 463 2104 537 Berchtwaldus,
2150 466 2280 539 ejus
2324 479 2640 534 successor,
2671 462 2829 519 wil

577 557 801 616 fridum
832 560 1261 616 accusaverunt
1283 555 1463 631 (Edd.
1495 554 1603 613 vit.
1626 552 1827 622 Wilsr.
1857 551 2103 626 XLIX,
2133 573 2192 630 p.
2228 553 2381 625 7083
2423 550 2532 623 LI,
2563 572 2622 629 p.
2649 552 2827 627 711).

577 646 809 724 Neque,
856 645 971 704 etsi
997 644 1356 723 Stephanus
1399 642 1632 702 Eddius
1687 642 1878 701 iratus
1933 647 2353 717 commemorat
2396 646 2459 699 et
2503 639 2824 716 ngridum

577 755 779 812 regem
827 739 887 792 et
929 740 1140 811 postea
1171 731 1478 790 Alfi-idum
1526 731 1686 790 sedis
1725 730 2089 809 apostolicae
2130 707 2356 806 judicia
2402 730 2833 807 contempsisse

577 825 707 899 (vit.
757 823 955 881 Wiffr.
999 819 1298 894 XXXII,
1345 842 1405 899 p.
1453 818 1581 881 696
1630 825 1693 879 et
1734 820 1870 892 LV,
1930 842 1989 898 p.
2039 819 2212 895 714),
2267 819 2331 876 in
2377 818 2609 877 occulto
2654 815 2826 890 latet,

583 932 704 971 non
752 911 1194 989 contemptione
1239 910 1396 969 sedis
1441 908 1804 986 apostolicae
1849 908 1954 967 sed
1997 907 2136 967 odio
2169 906 2439 965 wilfridi
2481 926 2652 984 reges
2699 925 2833 965 esse

578 1006 918 1060 commotos.
1008 999 1209 1076 Hujus
1254 998 1379 1057 odii
1423 1018 1578 1076 quae
1622 998 1847 1056 fuerint
1893 1016 2131 1067 causae,
2177 1015 2370 1073 neque
2414 995 2587 1054 Beda
2630 1014 2829 1072 neque

579 1088 919 1167 Stephanus
963 1088 1197 1148 Eddius
1258 1081 1553 1165 expressis
1599 1086 1801 1146 verbis
1844 1091 2266 1157 narraverunt,
2329 1092 2531 1143 tamen
2574 1083 2825 1142 dubium

576 1197 694 1237 non
742 1184 847 1250 est,
897 1177 1041 1253 quin
1088 1175 1384 1236 discordia
1443 1176 1548 1234 illa
1607 1175 1766 1234 inter
1811 1173 2187 1233 Theodorum
2235 1180 2297 1232 et
2340 1172 2823 1232 Berchtwaldum

579 1265 1050 1344 archiepiscopos
1097 1271 1160 1324 et
1198 1264 1546 1323 Wilfridum
1590 1263 1730 1322 inde
1777 1269 1911 1323 orta
1957 1263 2052 1335 sit,
2100 1262 2261 1339 quod
2294 1261 2642 1321 Theodorus
2675 1261 2826 1319 Wil-

577 1355 721 1413 fridi
765 1354 1108 1432 parochiam
1154 1348 1339 1412 nimia
1381 1352 1795 1429 magnitudine
1851 1352 2143 1428 insignem
2199 1352 2262 1410 in
2319 1357 2578 1428 quatuor
2621 1357 2825 1429 partes

578 1443 864 1503 diviserat
910 1444 1009 1518 (cf.
1055 1442 1210 1500 Edd.
1256 1442 1364 1500 vit.
1411 1440 1612 1499 Wilfr.
1655 1440 1872 1513 XXX,
1919 1463 1978 1519 p.
2027 1440 2210 1517 694),
2265 1440 2422 1499 sicut
2465 1439 2826 1498 Merciorum

580 1551 813 1611 quoque
876 1530 1277 1608 provinciam,
1338 1536 1409 1589 ut
1467 1530 1750 1588 666166166
1812 1535 2035 1602 statum
2097 1529 2435 1601 ordinaret,
2497 1528 2561 1587 in
2624 1528 2826 1605 plures
2848 1524 2865 1538 ’

584 1621 879 1680 dioeceses
939 1619 1251 1690 diviserat,
1313 1625 1376 1678 et
1436 1619 1598 1695 quod
1643 1618 1961 1677 Wilfridus
2015 1623 2077 1677 et
2124 1616 2423 1676 Theodori
2467 1622 2531 1676 et
2574 1616 2824 1675 Bercht-

577 1708 757 1767 waldi
803 1714 865 1767 et
918 1708 1105 1786 ipsius
1160 1708 1373 1785 synodi
1425 1708 1490 1765 in
1534 1707 1857 1765 Britannia
1910 1706 1985 1765 de
2037 1707 2149 1765 hac
2203 1726 2271 1764 re
2313 1706 2556 1765 habitae
2595 1703 2826 1781 judicia

579 1803 1017 1875 contempserat
1063 1796 1242 1872 (Edd.
1288 1797 1396 1856 vit.
1442 1796 1644 1854 Wilfr.
1690 1795 1781 1869 L„
1825 1816 1884 1873 p.
1935 1796 2108 1872 709).
2199 1795 2409 1871 Neque
2444 1811 2596 1871 quae
2642 1793 2827 1853 fuerit

577 1885 819 1963 ngridi
862 1885 1019 1962 regis
1064 1885 1129 1943 in
1159 1884 1507 1943 Wilsridum
1553 1884 1678 1943 odii
1725 1904 1916 1957 causa,
1962 1884 2250 1962 suspicari
2281 1884 2610 1961 nequimus.
2669 1883 2824 1942 Nam

575 1976 707 2034 luce
759 1974 974 2033 clarius
1029 1981 1123 2033 est
1167 1973 1593 2050 Aediltrydam
1646 1973 1942 2050 reginam,
2000 1992 2178 2049 quam
2224 1971 2395 2031 Beda
2448 1972 2513 2032 in
2566 1976 2825 2047 utroque

576 2062 955 2122 matrimonio
987 2097 1071 2107 —-
1104 2063 1198 2121 bis
1245 2063 1403 2120 enim
1464 2069 1778 2139 nupserat,
1842 2061 2031 2138 priori
2092 2060 2220 2119 viro
2282 2060 2544 2139 principi
2589 2059 2824 2119 cuidam

578 2151 978 2223 TondberctO,
1026 2150 1201 2209 alteri
1245 2151 1501 2227 ngrido
1538 2184 1616 2198 -—
1650 2150 1944 2227 virginem
2000 2149 2285 2208 mansisse
2331 2149 2599 2228 prodidit
2644 2148 2728 2223 (h.
2775 2168 2826 2206 6.

578 2240 638 2311 4,
690 2241 789 2311 19,
836 2239 871 2316 ἓ
921 2240 1093 2315 309),
1140 2239 1393 2315 ngrido
1439 2258 1651 2298 revera
1696 2238 1966 2315 copulari
2009 2257 2128 2296 non
2174 2238 2535 2316 repudiasse,
2583 2237 2635 2296 si
2674 2236 2827 2294 Wil-

575 2327 783 2398 fridus,
831 2329 999 2402 cujus
1031 2327 1275 2385 consilio
1306 2327 1609 2399 utebatur,
1654 2327 1842 2404 pravo
1874 2326 1966 2384 illi
1995 2326 2366 2404 virginitatis
2397 2326 2586 2385 amori
2617 2326 2826 2384 eodem

576 2414 752 2475 modo
805 2415 1145 2474 obluctatus
1202 2423 1357 2474 esset
1412 2421 1595 2493 atque
1642 2414 1935 2474 Columba
1980 2414 2272 2487 Hiiensis‚
2335 2435 2465 2473 cum
2520 2415 2595 2473 de
2642 2413 2825 2472 simili

579 2524 758 2563 causa
812 2505 1112 2580 judicaret
1158 2503 1444 2579 (Adamn.
1490 2504 1597 2563 vit.
1646 2503 1773 2563 001.
1823 2506 1880 2577 2,
1932 2504 2032 2578 75,
2079 2525 2138 2582 p.
2188 2505 2361 2581 224).
2453 2505 2622 2562 Η666
2667 2503 2826 2561 6111111

577 2599 717 2653 sunt
760 2592 963 2651 Bedae
1007 2593 1191 2651 verba
1238 2592 1416 2668 (11.6.
1466 2591 1662 2666 4,19,
1704 2594 1957 2670 §309ss
1989 2600 2286 2673 perpetua
2327 2590 2542 2651 mansit
2585 2589 2822 2672 vimini-

575 2678 711 2739 tatis
766 2678 1090 2761 intefflwce
1130 2678 1423 2761 gloriosa,
1485 2679 1632 2741 81666
1656 2677 1935 2740 mihimet
1985 2679 2105 2763 ipsi
2157 2679 2487 2751 sciscitanti,
2535 2700 2670 2740 cum
2714 2676 2827 2739 1166

576 2789 680 2827 an·
698 2766 784 2828 ita
827 2777 967 2830 esset
1010 2767 1362 2851 qmbusdam
1404 2768 1646 2829 vome-set
1686 2768 1750 2829 in
1779 2767 2040 2843 dubium,
2088 2768 2284 2830 beatae
2313 2767 2631 2830 memoriae
2673 2762 2822 2827 Wil-

560 2854 773 2942 fridus
818 2856 1119 2938 episcopus
1170 2856 1455 2939 refmebat
1500 2856 1699 2919 dicem
1751 2877 1812 2918 se
1869 2866 2065 2919 testem
2115 2856 2460 2939 mteyritatie
2522 2854 2645 2939 ejus
2706 2875 2828 2918 6886

577 2944 975 3017 certissimum,
1021 2946 1171 3007 adeo
1214 2956 1281 3006 ut
1325 2943 1622 3028 Eyfiv'due
1642 2945 2030 3048 promiserit,
2093 2965 2153 3006 86
2207 2946 2261 3006 ei
2302 2956 2491 3007 temzs
2534 2965 2606 3005 ac
2628 2964 2825 3046 ’pecu-

575 3033 707 3094 nias
751 3031 967 3093 multas
1012 3053 1128 3094 6886
1172 3034 1549 3107 donaturum,
1599 3033 1654 3095 82⁰
1679 3034 1914 3116 reyinae
1950 3043 2148 3118 posset
2184 3034 2545 3115 pet-madere
2587 3031 2710 3117 ejus
2739 3032 2833 3093 uti

578 3120 887 3192 connubiO,
933 3120 1073 3202 quia
1097 3122 1353 3197 sciebat,
1399 3121 1571 3183 illam
1613 3121 1843 3184 nullum
1901 3123 2166 3184 virorum
2214 3120 2352 3205 plus
2405 3121 2507 3184 illo
2563 3120 2829 3205 diliycre.

580 3208 970 3270 Accedebant
1024 3212 1179 3271 aliae
1233 3232 1471 3286 causae,
1528 3234 1703 3291 quae
1735 3234 1905 3290 reges
1953 3219 2160 3272 contra
2207 3213 2552 3272 Wilfridum
2599 3213 2824 3272 excita-

577 3304 740 3372 rent,
802 3299 905 3358 sed
964 3320 1096 3359 cum
1155 3302 1399 3379 longum
1458 3302 1541 3361 sit
1585 3322 1684 3362 eas
1731 3321 2102 3375 enumerare,
2158 3301 2338 3362 liceat
2381 3302 2528 3361 mihi
2572 3302 2830 3364 lectores

576 3388 852 3465 delegare
897 3387 973 3446 ad
1018 3388 1284 3466 Brightii
1343 3390 1563 3450 librum
1577 3435 1591 3464 ,
1653 3391 1756 3466 qui
1817 3390 2041 3467 optime
2100 3392 2174 3449 de
2235 3392 2346 3450 hac
2404 3397 2534 3450 tota
2591 3411 2658 3450 re
2705 3390 2829 3450 dis-

575 3477 763 3536 seruit
815 3479 900 3554 (p.
949 3477 1076 3535 280
1132 3500 1289 3555 sqq.,
1348 3480 1475 3538 367
1534 3500 1664 3555 sqq.
1721 3484 1784 3537 et
1847 3478 2037 3555 alibi).
2140 3480 2343 3539 Unum
2410 3480 2522 3538 hoc
2590 3480 2829 3552 addam,

567 3564 839 3623 Eddium
884 3565 1049 3625 nulla
1091 3587 1155 3626 re
1199 3567 1382 3626 fuisse
1411 3567 1782 3645 impeditum,
1831 3567 2162 3643 quominus,
2208 3569 2260 3627 si
2298 3568 2566 3626 Wilfiffli
2611 3569 2829 3626 turbae

581 3656 933 3728 conjunctae
978 3654 1231 3715 fuissent
1277 3676 1408 3715 cum
1465 3661 1668 3714 vetere
1723 3655 1830 3713 illa
1876 3657 2287 3716 controversia
2329 3657 2622 3734 paschali,
2669 3656 2826 3715 Wil-

578 3741 798 3801 fridum
866 3742 1274 3803 introduceret
1342 3743 1827 3819 martyrizantem
1902 3763 2013 3824 pro
2074 3744 2480 3804 Romanorum
2539 3745 2828 3819 moribus,

578 3849 775 3907 neque
818 3831 943 3890 ulla
988 3852 1056 3890 re
1099 3834 1282 3893 fuisse
1329 3837 1616 3904 coactum,
1662 3837 1732 3890 ut
1778 3831 2098 3906 Ceaddam,
2146 3833 2238 3891 6111
2283 3833 2478 3912 primo
2509 3832 2833 3893 wilfridus

577 3919 767 3992 cessit,
814 3938 1045 3979 sewum
1090 3920 1187 3981 dez·
1226 3917 1729 4001 reliyiosissimum
1773 3928 1824 3979 et
1868 3918 2284 3982 admirabilem
2313 3920 2609 3981 doctorem
2638 3921 2830 3981 nomi·

574 4016 750 4066 naret
811 4007 1015 4085 (XIV,
1075 4030 1134 4087 p.
1184 4008 1366 4085 685);
1425 4041 1506 4055 —-
1565 4015 1729 4069 certo
1789 4009 1938 4067 illud
1997 4030 2116 4068 non
2178 4010 2472 4070 omisisset
2529 4011 2642 4069 hoc
2705 4031 2828 4070 non

575 4096 839 4167 fecisset,
890 4096 941 4154 si
987 4095 1230 4154 Oeadda
1276 4102 1338 4155 et
1384 4097 1488 4176 qui
1533 4118 1665 4157 cum
1713 4118 1782 4157 eo
1838 4103 2037 4176 erant,
2085 4097 2376 4158 Romanis
2430 4099 2635 4157 infesti
2679 4099 2827 4158 fuis·

576 4190 726 4244 sent.
786 4183 1005 4261 Itaque
1036 4184 1307 4244 wilfridi
1348 4184 1601 4246 historia
1646 4186 1886 4246 minime
1933 4187 2155 4262 obstat,
2203 4188 2514 4265 quominus
2559 4187 2829 4247 dicamus

574 4272 746 4334 brevi
791 4278 1057 4349 tempore
1104 4280 1166 4332 et
1210 4273 1338 4334 sine
1382 4276 1603 4353 pugnis
1645 4276 1706 4337 N
1706 4276 2280 4352 ordanhymbrorum
2340 4276 2644 4336 ecclesiam
2691 4296 2831 4336 cum

576 4359 853 4419 Romana
896 4359 960 4418 111
1005 4380 1189 4420 unum
1237 4382 1449 4440 corpus
1496 4365 1798 4428 coaluisse.
