3134 5034
1321 286 1717 342 ..9—

400 462 759 536 Schoellius,
828 484 961 523 cum
1023 466 1104 542 (p.
1161 464 1266 540 11)
1329 483 1402 521 ex
1461 483 1561 537 eo,
1634 463 1792 541 quod
1836 463 1925 521 illi
1979 468 2273 540 martyres
2321 461 2648 522 verolamii

398 554 482 627 (V
485 553 731 629 erulam)
763 551 1085 629 municipio
1116 551 1386 611 Romano
1432 558 1493 611 et
1538 551 1601 610 in
1648 553 1796 610 urbe
1840 552 2172 628 Legionum
2220 551 2536 628 (an'rleon
2582 550 2644 609 in

398 641 705 718 Cambria)
738 641 1031 719 supplicio
1072 640 1269 700 affecti
1316 661 1442 701 esse
1488 642 1826 714 traduntur,
1873 641 2291 720 suspicandum
2337 661 2463 701 esse
2511 659 2643 700 cen-

398 736 526 791 seat
556 730 778 809 oppida
807 730 912 789 illa
941 730 1212 789 Romana
1250 730 1611 790 incunabula
1643 730 1813 808 quasi
1858 731 1999 790 fidei
2044 730 2401 790 christianae
2445 729 2643 803 fuisse,

397 819 641 879 nimiam
687 819 831 877 mihi
877 819 1114 879 videtur
1156 818 1334 878 fidem
1379 820 1657 880 habuisse
1687 820 1920 878 fabulis.
1982 819 2079 877 Ex
2111 819 2293 878 Gilda
2323 839 2463 896 ergo
2496 818 2644 877 nihil

399 908 789 986 comperimus
835 907 909 966 de
954 908 1030 967 iis
1046 952 1060 981 ,
1121 908 1223 985 qui
1282 908 1461 987 primi
1507 908 1861 968 Britonibus
1908 909 2278 986 evangelium
2336 907 2641 986 praedica·

398 998 623 1071 verint,
671 1017 860 1075 neque
904 997 1079 1076 plura
1125 1018 1197 1056 ex
1241 996 1443 1057 Bedae
1489 998 1749 1076 scriptis.
1841 997 2088 1058 Omissis
2134 998 2290 1056 enim
2309 1043 2325 1075 ,
2376 1017 2522 1074 quas
2568 996 2642 1055 de

397 1087 574 1147 Lucii
632 1087 792 1163 regis
851 1086 1231 1147 conversione
1291 1086 1660 1165 temporibus
1705 1086 2018 1146 Eleutheri
2079 1086 2340 1166 episcopi
2384 1085 2643 1145 Romani

398 1177 559 1235 facta
591 1180 844 1248 enarrat,
877 1176 1095 1234 fabulis
1128 1175 1271 1254 (vid.
1303 1177 1384 1235 H.
1415 1175 1534 1235 and
1565 1174 1655 1235 St.
1678 1175 1730 1249 Ι,
1762 1198 1819 1254 p.
1849 1175 1930 1234 25
1957 1196 2069 1253 sq.;
2104 1175 2304 1236 Sohffll
2334 1196 2392 1253 p.
2421 1176 2502 1233 22
2529 1176 2642 1251 sq.)

398 1270 588 1325 restat
646 1265 1091 1325 narratiuncula
1150 1266 1229 1324 de'
1270 1263 1568 1325 Germano
1616 1264 2129 1325 Autissiodorensi
2175 1270 2236 1323 et
2279 1264 2455 1341 Lupo
2516 1266 2643 1339 ejus

401 1354 616 1414 comite
659 1353 1022 1430 Pelagianae
1082 1354 1342 1414 haeresis
1401 1354 1792 1415 eradicandae
1839 1372 2016 1415 causa
2060 1375 2096 1413 a
2143 1353 2456 1413 Gallicana
2501 1372 2642 1428 qua-

399 1443 536 1502 dam
590 1443 812 1519 synodo
860 1443 954 1502 bis
1009 1443 1072 1502 in
1117 1442 1496 1503 Britanniam
1556 1443 1748 1503 missis
1808 1444 1889 1519 (h.
1938 1464 1984 1502 e.
2033 1444 2122 1502 ed.
2169 1442 2501 1503 Stevenson
2548 1461 2643 1519 op.

399 1532 536 1591 hist.
583 1531 787 1591 Bedae
832 1532 884 1605 I,
945 1533 1047 1592 lib.
1102 1534 1154 1605 1,
1217 1553 1342 1610 cap.
1399 1534 1476 1591 17
1525 1535 1560 1611 ξ
1610 1533 1737 1609 39).
1830 1532 1950 1595 Sed
2010 1553 2142 1593 cum
2203 1531 2372 1590 Beda
2431 1531 2645 1603 omnia,

401 1641 553 1698 quae
586 1627 811 1695 narrat,
842 1621 1107 1680 hauserit
1138 1641 1169 1679 e
1199 1622 1470 1681 fabulosa
1502 1621 1589 1681 St.
1612 1620 1896 1681 Germani
1919 1622 2047 1683 vita
2072 1620 2295 1697 (Scholl
2319 1641 2379 1698 p.
2405 1619 2487 1678 25
2513 1622 2646 1697 sq.),

401 1710 663 1787 Prosper
706 1707 1108 1786 Aquitanicus
1152 1711 1327 1770 testis
1371 1710 1488 1769 fide
1534 1710 1771 1787 dignior
1817 1718 1908 1771 est
1952 1711 2276 1770 habendus.
2350 1709 2470 1784 Qui
2515 1728 2647 1768 cum

404 1796 770 1857 Germanum
788 1841 803 1870 ,
850 1798 926 1857 ad
973 1798 1267 1858 actionem
1311 1799 1548 1865 Paladii
1594 1800 1825 1859 diaconi
1874 1822 1909 1859 a
1952 1821 2112 1879 papa
2158 1798 2462 1858 Oolestino
2509 1798 2645 1857 mis·

406 1907 537 1947 sum
583 1908 709 1946 esse
753 1887 959 1946 tradat
1004 1887 1267 1962 (chronic
1317 1908 1369 1946 a.
1401 1888 1553 1947 dom.
1589 1889 1736 1947 429.
1769 1908 1949 1966 opera
1980 1889 2068 1948 ed.
2101 1888 2357 1948 Bassani
2391 1888 2559 1946 1782
2593 1886 2646 1959 Ι,

404 1997 462 2054 p.
496 1976 657 2049 4013
703 1973 784 2035 H.
819 1975 938 2034 and
968 1973 1056 2035 St.
1103 1975 1156 2048 Ι,
1202 1996 1260 2053 p.
1300 1978 1406 2053 16)
1453 1977 1538 2035 nil
1582 1981 1773 2036 restat
1817 1978 1881 2035 in
1924 1977 2037 2036 hac
2081 1977 2441 2049 narratione,
2489 1975 2645 2051 quod

405 2064 712 2142 antiquam
744 2063 1062 2123 Britonum
1111 2065 1388 2124 ecclesiae
1430 2085 1563 2124 cum
1596 2064 1908 2125 Gallicana
1952 2064 2418 2125 familiaritatem
2465 2065 2646 2123 fuisse

406 2154 764 2239 comprobet.
825 2153 1323 2213 Familiaritatem
1363 2154 1527 2213 illam
1558 2155 1740 2214 fuisse
1770 2155 2149 2214 nihilominus
2181 2158 2431 2214 constat.
2493 2154 2647 2215 Nam

400 2242 676 2302 nonnulli
705 2241 1023 2302 Britonum
1070 2242 1333 2320 episcopi
1364 2263 1519 2302 anno
1556 2244 1762 2302 314m0
1795 2244 2042 2303 concilio
2073 2242 2419 2303 Arelatensi
2462 2243 2645 2301 inter·

400 2333 646 2391 fuerunt
705 2331 810 2407 (H.
858 2331 979 2390 and
1023 2329 1113 2391 St.
1158 2330 1215 2404 I,
1256 2352 1313 2408 p.
1365 2334 1421 2390 7.
1483 2333 1556 2391 cf.
1604 2332 1825 2410 Bright
1871 2354 1926 2410 p.
1978 2334 2014 2390 9
2062 2336 2235 2411 sqq.).
2329 2332 2535 2407 Quod,
2596 2331 2648 2391 si

403 2421 516 2479 hoc
546 2419 858 2479 concilium
891 2426 1126 2479 centum
1173 2420 1344 2480 annis
1391 2428 1530 2481 ante
1578 2421 1806 2495 fuisset,
1852 2422 2102 2497 alicujus
2146 2421 2429 2481 momenti
2478 2425 2645 2492 esset,

404 2510 488 2569 sic
533 2508 770 2570 nullius.
863 2507 1239 2585 conjecturis
1300 2530 1442 2586 ergo
1501 2510 1863 2587 relinquitur
1915 2510 2094 2570 locus.
2185 2511 2531 2569 Muenterus
2587 2515 2648 2568 et

401 2599 576 2657 multi
636 2601 765 2673 ejus
825 2599 1102 2675 aequales
1158 2604 1219 2658 et
1272 2598 1390 2678 ipsi
1443 2602 1571 2675 jam
1617 2599 2063 2659 Centuriatores
2107 2599 2648 2677 Magdeburgenses

401 2686 600 2762 (Oent.
647 2686 733 2760 H,
782 2707 830 2746 c.
880 2687 939 2760 2,
984 2687 1084 2746 fol.
1135 2689 1201 2764 9)
1265 2687 1441 2747 fidem
1504 2688 1888 2748 christianam
1952 2709 2024 2748 ex
2086 2686 2237 2747 Asia
2297 2688 2523 2746 minore
2582 2687 2644 2744 in

399 2775 785 2835 Britanniam
845 2776 1088 2835 allatam
1149 2796 1275 2836 esse
1335 2777 1565 2855 opinati
1625 2783 1781 2837 sunt.
1888 2777 2093 2851 Quod,
2164 2777 2215 2835 si
2275 2775 2646 2854 comprobari

406 2871 623 2943 posset,
670 2885 788 2924 non
835 2865 1266 2941 neglegendum
1313 2871 1469 2926 esset
1497 2866 1559 2924 in
1593 2865 1989 2941 dijudicandis
2019 2865 2297 2924 ecclesiae
2329 2864 2646 2923 Britonum

406 2955 684 3014 moribus.
777 2952 896 3013 Sed
943 2954 1366 3031 quaerentibus
1412 2954 1585 3014 nobis
1601 2999 1615 3027 ,
1665 2954 1811 3032 quid
1856 2954 1993 3013 huic
2037 2953 2335 3013 Muenteri
2381 2952 2647 3030 opinioni

405 3043 760 3102 adminiculo
805 3043 1004 3115 fuerit,
1053 3043 1213 3120 apud
1256 3043 1451 3121 ipsum
1498 3044 1581 3103 nil
1629 3043 1890 3103 occurrit
1932 3043 2049 3103 nisi
2096 3041 2460 3120 computatio
2508 3041 2645 3100 festi

403 3132 714 3210 paschalis,
764 3152 881 3208 qua
909 3131 1190 3192 Britones
1220 3131 1560 3193 utebantur.
1652 3132 1743 3191 At
1772 3133 2054 3192 Britones
2093 3151 2468 3209 nequaquam
2516 3151 2645 3190 cum

404 3221 957 3294 Quartodecimanis
1018 3221 1409 3295 consensisse,
1466 3225 1592 3298 jam
1662 3222 1891 3301 pridem
1952 3221 2066 3281 viri
2111 3220 2274 3280 docti
2318 3220 2647 3279 docuerunt

402 3310 621 3386 (Varin
680 3316 849 3369 mem.
896 3310 983 3384 II,
1032 3332 1101 3389 p.
1166 3309 1294 3368 295
1355 3331 1484 3389 sqq.
1531 3312 1605 3369 cf.
1651 3310 1890 3371 Ebrard
1949 3333 2007 3389 p.
2060 3310 2362 3386 19—78).
2454 3308 2645 3369 Immo

403 3419 532 3458 eam
564 3399 918 3478 opinionem,
967 3419 1083 3476 qua
1129 3400 1319 3459 altera
1364 3399 1466 3458 illa
1496 3399 1792 3458 Muenteri
1823 3399 2145 3471 nitebatur,
2192 3399 2344 3457 hanc
2390 3397 2643 3456 scilicet:

402 3487 720 3547 Britonum
779 3488 1082 3548 ecclesiam
1142 3487 1603 3567 primordiorum
1672 3491 1798 3563 jam
1866 3488 2232 3565 temporibus
2301 3486 2419 3545 alia
2478 3507 2646 3545 usam

404 3597 529 3635 esse
560 3576 999 3654 computatione
1026 3577 1167 3638 festi
1194 3578 1489 3656 paschalis
1520 3597 1590 3639 ac
1620 3576 1968 3650 Romanam,
2015 3565 2482 3636 commenticiam
2518 3595 2644 3636 esse

402 3665 576 3723 facile
635 3666 1004 3742 comprobari
1069 3670 1285 3745 potest.
1376 3666 1792 3726 Vetustiorum
1852 3666 2008 3725 enim
2066 3665 2425 3743 scriptorum
2483 3665 2645 3724 testi·

403 3753 603 3813 monia
634 3753 928 3813 audienda
973 3755 1144 3814 nobis
1190 3761 1332 3814 sunt
1375 3755 1770 3834 posteriorum
1816 3755 2048 3814 ratione
2094 3774 2214 3813 non
2258 3754 2481 3814 habita.
2571 3754 2648 3812 In

406 3843 623 3920 quibus
671 3842 1101 3903 Constantinus
1145 3844 1474 3923 imperator
1518 3845 1664 3904 haec
1710 3844 1949 3922 scripsit
2007 3844 2072 3905 in
2132 3842 2390 3921 epistula
2435 3844 2513 3902 ad
2558 3863 2647 3901 ec·

402 3932 612 3991 clesias
658 3954 753 4011 ap.
809 3932 1137 3992 Eusebium
1183 3933 1290 3992 vit.
1338 3931 1633 3993 Constant
1677 3933 1800 4007 III,
1853 3935 1964 3992 19:
2024 3931 2242 3992 idcirco
2286 3930 2354 3992 id
2399 3951 2649 4014 aequum
2721 3933 2725 3937 ’

403 4029 732 4103 rectumque
777 4039 895 4082 esse
940 4040 1135 4081 omnes
1166 4018 1659 4102 judicavmnt„
1739 4031 1889 4094 .,ut
1950 4020 2110 4103 quod
2153 4020 2215 4081 in
2261 4019 2416 4085 urbe
2448 4017 2650 4080 Roma

391 4128 618 4191 perque
659 4129 890 4172 omnem
935 4107 1179 4171 Italiam
1225 4154 1238 4169 .
1273 4156 1286 4170 .
1320 4105 1638 4182 .Gallias,
1681 4107 2082 4171 Britannia-3.
2163 4108 2484 4170 .concordi
2525 4127 2646 4168 sen-

403 4198 578 4259 tentia
639 4197 975 4260 observatur
1033 4198 1101 4259 id
1156 4208 1346 4261 vestra
1403 4218 1625 4282 quoque
1677 4197 2004 4281 prudentia
2076 4195 2371 4259 libentibus
2435 4195 2649 4257 animis

403 4284 853 4368 amplectatur.
932 4297 1165 4371 ,atque
1224 4297 1289 4348 ut
1347 4286 1685 4348 summatim
1738 4308 1810 4348 ac
1855 4286 2094 4349 brevzter
2138 4285 2368 4370 dicam,
2425 4283 2650 4370 placuit
