3134 5034
1220 315 1664 371 —71-

326 515 458 555 cum
515 514 610 565 ea,
674 512 791 569 qua
839 489 1004 549 Scoti
1053 491 1408 563 utebantur,
1466 490 1849 568 computandi
1894 491 2034 549 festi
2078 487 2372 567 paschalis
2416 492 2580 551 ratio

326 584 531 642 eadem
578 582 780 653 fuerit,
827 600 979 657 quae
1017 579 1338 639 Britonum
1384 614 1473 624 -—
1520 579 1680 655 quod
1727 580 1992 657 profecto
2040 579 2252 638 mirum
2299 600 2419 638 non
2465 586 2572 653 est,

323 672 437 731 etsi
481 670 751 730 Patricio
814 689 946 727 cum
988 669 1279 728 Romanis
1337 668 1710 727 necessitudo
1771 668 1912 740 fuit,
1973 688 2110 726 nam
2172 669 2376 726 eadem
2431 675 2577 728 tunc

320 760 583 820 Romani
626 760 953 817 utebantur
997 758 1136 817 festi
1180 758 1476 836 paschalis
1517 757 1976 834 computatione,
2024 776 2142 832 qua
2171 757 2455 816 Britones
2493 791 2570 801 --

326 852 404 909 ad
450 869 536 921 ea,
584 867 737 924 quae
769 867 949 924 supra
989 849 1071 923 (p.
1111 848 1189 904 19
1223 850 1381 924 sqq.)
1414 846 1701 919 disserui,
1731 847 1983 905 lectores
2015 847 2287 922 delegare
2318 865 2580 922 possum.

328 940 534 1015 Neque
582 938 789 1009 habe0,
838 936 997 1012 quod
1037 936 1116 1012 de
1162 943 1407 996 tonsura
1451 934 1755 1013 prioribus
1802 936 1883 1012 (p.
1919 936 1998 992 21
2035 937 2149 1012 sq.)
2183 934 2415 993 addam.
2489 934 2574 992 Et

323 1029 458 1106 ipsa
506 1026 664 1085 0111111
712 1025 915 1083 08(10111
963 1030 1094 1083 erat
1139 1026 1300 1102 apud
1347 1024 1573 1097 Scotos,
1622 1044 1774 1099 quae
1819 1024 1980 1101 apud
2024 1024 2306 1082 Britones
2345 1057 2434 1066 —
2465 1023 2576 1081 hoc

326 1122 556 1176 certum
601 1119 707 1187 est,
755 1113 859 1172 sed
903 1118 1103 1171 utrum
1141 1116 1269 1189 jam
1313 1112 1632 1186 Patricius,
1679 1119 1749 1171 ut
1794 1120 1995 1173 censet
2036 1111 2361 1189 Gatalogus
2393 1111 2574 1170 Sanc-

324 1212 543 1274 torum,
589 1208 861 1263 attonsus
906 1202 1089 1261 fuerit
1131 1202 1313 1279 idque
1360 1209 1608 1261 tonsura
1652 1202 1972 1261 Britonum
2017 1207 2079 1260 et
2118 1200 2452 1273 Scotorum,
2499 1221 2581 1258 an

325 1292 643 1372 peculiaris
678 1292 782 1349 illa
812 1291 1165 1350 tonsurandi
1196 1291 1351 1350 ratio
1378 1291 1810 1368 posterioribus
1833 1290 2202 1367 temporibus
2227 1289 2463 1347 aliunde
2496 1322 2572 1331 —-

326 1381 486 1441 haud
546 1381 727 1440 sciam
788 1400 866 1438 an
928 1401 1001 1437 ex
1047 1378 1247 1439 Gallia
1306 1400 1427 1438 una
1487 1400 1618 1438 cum
1680 1380 1807 1439 vita
1867 1379 2221 1437 monachica·
2264 1413 2339 1422 —
2376 1382 2453 1435 ‘et
2512 1377 2576 1435 in

325 1470 705 1530 Britanniam
736 1476 798 1528 et
827 1469 892 1527 in
914 1468 1273 1528 Hiberniam
1296 1469 1654 1545 pervenerit,
1685 1468 1749 1525 in
1772 1468 1967 1527 medio
1991 1466 2446 1544 relinquendum
2470 1473 2580 1525 est.

510 1559 679 1618 Haec
739 1558 926 1635 igitur
981 1558 1054 1616 de
1101 1558 1415 1630 Columba,
1477 1558 1552 1615 de
1601 1560 1768 1632 cujus
1814 1577 2067 1636 persona
2114 1561 2176 1614 et
2221 1561 2420 1615 aetate
2466 1554 2581 1613 1180

328 1654 567 1707 nostrae
628 1647 1053 1725 disputationis
1112 1652 1285 1724 parte
1345 1648 1634 1708 disserere
1693 1667 1873 1724 supra
1933 1646 2104 1705 nobis
2147 1644 2576 1722 proposuimus.

332 1736 450 1796 Sed
495 1736 841 1814 priusquam
887 1736 962 1794 ad
1010 1742 1357 1811 sequentem
1387 1736 1840 1814 progredientes
1873 1741 2106 1812 partem
2137 1733 2584 1810 cognoscendae

331 1825 608 1885 ecclesiae
667 1826 726 1886 N
727 1824 1302 1901 ordanhymbrorum
1374 1831 1436 1883 et
1500 1830 1753 1884 naturae
1825 1831 1888 1883 et
1947 1822 2384 1882 controversiae
2446 1841 2579 1879 cum

329 1915 603 1974 Romana
635 1914 881 1973 ecclesia
913 1919 1154 1991 operam
1185 1914 1407 1985 demus,
1435 1914 1646 1989 paucis
1670 1934 1873 1973 earum
1894 1912 2228 1971 Hiberniae
2252 1910 2580 1986 regionum,

333 2024 484 2081 quae
529 2023 580 2061 a.
611 2003 872 2061 dominio
918 2003 1258 2061 Hiiensium
1304 2002 1529 2060 liberae
1578 2009 1774 2075 erant,
1800 2002 2137 2061 historiam
2185 2000 2577 2059 absolvamus.

513 2091 591 2149 In
636 2091 996 2151 australibus
1043 2091 1200 2148 enim
1230 2090 1562 2150 Hiberniae
1596 2090 1882 2169 *partibus
1927 2090 2131 2167 paullo
2177 2094 2316 2146 ante
2360 2106 2578 2146 8111111111

339 2182 466 2239 630
512 2180 773 2240 Romani
832 2180 985 2240 inito
1045 2181 1337 2239 nescimus
1382 2180 1675 2256 quomodo
1723 2199 1854 2238 cum
1898 2177 2187 2237 Hibernis
2233 2174 2584 2238 commercio

334 2273 466 2329 cum
495 2269 615 2327 illis
648 2289 825 2345 agere
857 2275 1199 2347 coeperunt,
1240 2274 1309 2327 ut
1341 2269 1575 2344 abjecto
1607 2288 1711 2327 suo
1745 2267 2085 2327 celebrandi
2115 2266 2255 2324 festi
2285 2263 2582 2342 paschalis

316 2378 495 2418 ·more
554 2358 619 2415 111
671 2358 967 2418 unitatem
1014 2358 1295 2417 ecclesiae
1341 2359 1629 2417 redirent.
1719 2356 1896 2430 Quod
1942 2355 2055 2414 etsi
2100 2354 2275 2413 initio
2319 2352 2581 2411 Hiberni

331 2445 704 2519 recusabant,
750 2452 953 2505 tamen
991 2447 1195 2525 paucis
1236 2448 1407 2505 annis
1439 2452 1594 2525 post,
1641 2465 1796 2505 811110
1831 2445 1977 2517 630,
2025 2449 2093 2502 ut
2123 2444 2377 2513 videtur,
2427 2461 2581 2499 com-

332 2535 483 2594 moti
540 2535 728 2612 ipsius
772 2536 1030 2595 Honorii
1090 2555 1281 2613 papae
1336 2536 1592 2613 epistula
1646 2534 1872 2612 synodo
1919 2534 2330 2611 episcoporum
2374 2529 2582 2599 habita

331 2625 412 2683 ad
478 2622 768 2701 Campum
838 2625 1039 2683 album
1108 2624 1314 2701 (Magh
1332 2657 1353 2669 ·
1371 2624 1562 2702 Lene)
1633 2643 1834 2682 omnes
1903 2620 2182 2680 australis
2249 2617 2586 2678 Hiberniae

330 2713 562 2774 incolae
629 2713 849 2789 pascha
919 2714 1202 2772 canonico
1272 2714 1396 2773 ritu
1456 2715 1775 2772 observare
1845 2712 2184 2770 didicerunt
2245 2714 2306 2767 et
2365 2707 2586 2784 legatis

329 2801 587 2861 Romam
647 2801 841 2861 missis
901 2822 1047 2879 pace
1108 2822 1241 2860 cum
1294 2801 1584 2861 Romanis
1643 2802 1805 2859 facta
1865 2800 2288 2859 intellexerunt
2346 2817 2407 2855 se
2468 2795 2585 2853 nisi

335 2893 682 2967 conjunctos
746 2910 878 2948 011111
943 2889 1237 2967 episcopis
1297 2889 1586 2949 Romanis
1647 2889 1942 2947 unitatem
2003 2885 2283 2944 ecclesiae
2345 2903 2582 2943 servare

335 2999 468 3039 non.
498 2978 727 3056 posse.1

513 3067 683 3126 Haec
745 3066 943 3125 omnia
988 3067 1269 3125 Hiienses
1324 3087 1499 3144 aegre
1547 3068 1816 3128 tulerunt
1861 3063 2174 3141 (Cumeani
2220 3083 2313 3140 ep.
2361 3082 2419 3138 p.
2469 3061 2586 3130 20:

335 3177 375 3214 a
419 3153 576 3215 vobi-3
620 3154 952 3235 impufflwr,
999 3177 1057 3233 p.
1093 3157 1203 3213 22:
1253 3174 1398 3215 onus
1443 3165 1524 3215 est
1563 3152 1947 3235 vobisquod
1971 3152 2127 3229 dico)
2175 3153 2298 3212 sive
2345 3149 2586 3209 omnino

335 3246 462 3304 sive
494 3245 654 3320 quod
696 3265 817 3303 una
863 3265 997 3303 cum
1043 3245 1175 3303 aliis
1222 3245 1500 3304 australis
1529 3244 1862 3304 Hiberniae
1894 3241 2266 3300 monasteriis
2299 3247 2360 3298 et
2388 3240 2584 3316 ipsum

333 3334 810 3392 Dearmachense
857 3333 999 3409 (vid.
1042 3354 1222 3411 supra
1269 3354 1326 3410 p.
1362 3333 1489 3410 54),
1538 3337 1705 3408 cujus
1752 3333 1938 3390 abbas
1969 3330 2303 3388 Cumeanus
2349 3328 2589 3387 videtur

334 3421 545 3494 fuisse,
592 3422 669 3481 ad
712 3422 1017 3481 Romanos
1062 3422 1416 3494 transierat;
1463 3442 1656 3499 neque
1701 3421 1818 3498 ipsi
1864 3439 2056 3496 neque
2101 3415 2586 3496 septentrionalis

334 3510 669 3569 Hiberniae
728 3511 991 3588 episcopi
1046 3511 1303 3588 epistula
1355 3512 1458 3569 illa
1502 3512 1550 3570 J
1550 3511 1799 3570 ohannis
1844 3529 2060 3586 papae,
2121 3507 2195 3564 de
2242 3526 2360 3582 qua
2404 3523 2585 3579 supra

337 3599 564 3658 dictum
618 3605 709 3658 est
755 3601 837 3677 (p.
888 3599 998 3677 58)
1046 3600 1324 3658 commoti
1380 3607 1544 3674 sunt,
1604 3605 1675 3658 ut
1728 3598 2075 3659 societatem
2119 3616 2252 3654 cum
2296 3592 2588 3652 Romanis

337 3687 575 3747 inirent.
607 3686 612 3690 ’
652 3686 870 3764 Itaque
917 3709 1069 3765 quae
1116 3688 1189 3746 de
1219 3689 1568 3748 Hiiensibus
1611 3695 1673 3747 et
1702 3688 1776 3748 de
1807 3685 2102 3745 Hibernia
2132 3680 2586 3760 septentrionali

338 3776 595 3854 amplius
640 3776 892 3835 dicenda
938 3783 1094 3850 sunt,
1140 3778 1203 3835 in
1250 3779 1635 3853 sequentibus
1681 3776 1892 3835 melius
1938 3793 2116 3851 quam
2164 3774 2274 3831 hoc
2319 3774 2448 3830 loco
2481 3770 2584 3827 ab·

486 3986 509 4017 ¹
548 3985 825 4039 Nituntur
856 3986 997 4038 haec
1025 3986 1213 4038 omnia
1239 3988 1297 4038 et
1324 3984 1594 4039 Cumeani
1622 3985 1865 4053 epistula
1890 3983 1962 4036 ad
1990 3981 2295 4050 Segenium
2321 3978 2589 4032 abbatem

341 4056 640 4111 Hiiensem
678 4056 1004 4126 (623—652‚
1043 4054 1119 4111 H.
1159 4056 1271 4109 and
1298 4056 1381 4110 St.
1409 4056 1489 4121 H,
1531 4058 1560 4108 1
1602 4073 1658 4124 p.
1689 4057 1837 4125 135),
1878 4070 2021 4124 quae
2062 4057 2246 4108 exstat
2281 4053 2341 4105 in
2368 4047 2587 4103 Usserii

340 4131 599 4182 veterum
618 4128 986 4197 epistolarum
1006 4127 1429 4180 hibernicarum
1450 4127 1687 4197 sylloge.
1728 4126 1890 4179 Paris
1913 4126 2068 4180 1665.
2112 4142 2199 4193 ep.
2222 4126 2289 4178 11
2310 4141 2363 4191 p.
2377 4121 2444 4174 17
2465 4136 2585 4187 sqq.

341 4203 401 4252 et
448 4198 642 4253 Bedae
689 4198 822 4255 hist.
862 4201 911 4264 2,
957 4200 1022 4253 19
1075 4199 1107 4269 ξ
1149 4198 1253 4251 143
1292 4216 1410 4266 sqq.
1460 4201 1519 4251 et
1564 4198 1615 4261 3,
1658 4199 1689 4252 3
1742 4198 1774 4267 ἓ
1817 4198 1936 4251 155.
2012 4196 2115 4262 Et,
2171 4213 2280 4264 quo
2328 4198 2589 4260 tempore

341 4270 495 4324 facta
533 4270 662 4334 sint,
704 4287 832 4323 cum
858 4270 1254 4338 episcoporum
1282 4268 1669 4322 Romanorum
1693 4269 1920 4321 nomina
1946 4267 2226 4322 definiunt
2251 4261 2587 4333 (625—640)

338 4345 462 4394 tum
512 4341 820 4394 incertiora
869 4340 1098 4410 quidem
1147 4340 1249 4393 illa
1286 4341 1387 4393 sed
1425 4339 1559 4393 satis
1597 4339 1745 4393 bona
1783 4343 2119 4407 argumenta
2162 4355 2234 4391 ex
2271 4337 2412 4405 ipsis
2453 4333 2588 4388 festi

343 4411 632 4480 paschalis
673 4412 1189 4481 computationibus
1228 4411 1525 4479 desumpta
1562 4408 1778 4479 (Skene
1816 4408 1897 4476 H,
1936 4428 1994 4478 p.
2035 4410 2184 4480 161).
