<?xml version="1.0" encoding="UTF-8"?>
<!DOCTYPE html PUBLIC "-//W3C//DTD XHTML 1.0 Transitional//EN"
    "http://www.w3.org/TR/xhtml1/DTD/xhtml1-transitional.dtd">
<html xmlns="http://www.w3.org/1999/xhtml" xml:lang="en" lang="en">
 <head>
  <title>
</title>
<meta http-equiv="Content-Type" content="text/html;charset=utf-8" />
  <meta name='ocr-system' content='tesseract 3.04.00' />
  <meta name='ocr-capabilities' content='ocr_page ocr_carea ocr_par ocr_line ocrx_word'/>
</head>
<body>
  <div class='ocr_page' id='page_1' title='image "./antiquaebritonu03loofgoog_0121.png"; bbox 0 0 3134 5034; ppageno 0'>
   <div class='ocr_carea' id='block_1_1' title="bbox 1255 294 1736 353">
    <p class='ocr_par' dir='ltr' id='par_1_1' title="bbox 1255 294 1736 353">
     <span class='ocr_line' id='line_1_1' title="bbox 1255 294 1736 353; baseline -0.002 0"><span class='ocrx_word' id='word_1_1' title='bbox 1255 294 1736 353; x_wconf 74' lang='lat'><strong>-113-</strong></span> 
     </span>
    </p>
   </div>
   <div class='ocr_carea' id='block_1_2' title="bbox 356 470 2631 4460">
    <p class='ocr_par' dir='ltr' id='par_1_2' title="bbox 358 470 2631 3126">
     <span class='ocr_line' id='line_1_2' title="bbox 554 470 2613 550; baseline -0 -18"><span class='ocrx_word' id='word_1_2' title='bbox 554 473 687 533; x_wconf 85' lang='lat' dir='ltr'><strong>Tali</strong></span> <span class='ocrx_word' id='word_1_3' title='bbox 752 473 924 533; x_wconf 89' lang='lat' dir='ltr'><strong>modo</strong></span> <span class='ocrx_word' id='word_1_4' title='bbox 991 473 1173 533; x_wconf 89' lang='lat' dir='ltr'><strong>etiam</strong></span> <span class='ocrx_word' id='word_1_5' title='bbox 1238 472 1325 545; x_wconf 91' lang='lat' dir='ltr'><strong>id,</strong></span> <span class='ocrx_word' id='word_1_6' title='bbox 1406 471 1566 550; x_wconf 82' lang='lat' dir='ltr'><strong>quod</strong></span> <span class='ocrx_word' id='word_1_7' title='bbox 1631 471 1954 531; x_wconf 77' lang='lat' dir='ltr'><strong>Columbae</strong></span> <span class='ocrx_word' id='word_1_8' title='bbox 2013 476 2075 531; x_wconf 83' lang='lat' dir='ltr'><strong>et</strong></span> <span class='ocrx_word' id='word_1_9' title='bbox 2134 470 2424 531; x_wconf 84' lang='lat' dir='ltr'><strong>sociorum</strong></span> <span class='ocrx_word' id='word_1_10' title='bbox 2460 474 2613 548; x_wconf 81' lang='lat' dir='ltr'><strong>ejus</strong></span> 
     </span>
     <span class='ocr_line' id='line_1_3' title="bbox 362 560 2611 641; baseline -0.001 -19"><span class='ocrx_word' id='word_1_11' title='bbox 362 564 625 623; x_wconf 80' lang='lat' dir='ltr'><strong>maxime</strong></span> <span class='ocrx_word' id='word_1_12' title='bbox 671 561 979 641; x_wconf 80' lang='lat' dir='ltr'><strong>proprium</strong></span> <span class='ocrx_word' id='word_1_13' title='bbox 1026 567 1180 635; x_wconf 87' lang='lat' dir='ltr'><strong>erat,</strong></span> <span class='ocrx_word' id='word_1_14' title='bbox 1225 561 1541 620; x_wconf 77' lang='lat' dir='ltr'><strong>memoriae</strong></span> <span class='ocrx_word' id='word_1_15' title='bbox 1589 566 1924 639; x_wconf 78' lang='lat' dir='ltr'><strong>exemptum</strong></span> <span class='ocrx_word' id='word_1_16' title='bbox 1970 565 2075 620; x_wconf 83' lang='lat' dir='ltr'><strong>est.</strong></span> <span class='ocrx_word' id='word_1_17' title='bbox 2165 560 2326 635; x_wconf 75' lang='lat' dir='ltr'><strong>Quid</strong></span> <span class='ocrx_word' id='word_1_18' title='bbox 2370 560 2611 621; x_wconf 85' lang='lat' dir='ltr'><strong>tandem</strong></span> 
     </span>
     <span class='ocr_line' id='line_1_4' title="bbox 371 648 2612 728; baseline -0.001 -16"><span class='ocrx_word' id='word_1_19' title='bbox 371 652 657 712; x_wconf 83' lang='lat' dir='ltr'><strong>memoria</strong></span> <span class='ocrx_word' id='word_1_20' title='bbox 718 651 1077 712; x_wconf 78' lang='lat' dir='ltr'><strong>custoditum</strong></span> <span class='ocrx_word' id='word_1_21' title='bbox 1150 650 1281 710; x_wconf 82' lang='lat' dir='ltr'><strong>est?</strong></span> <span class='ocrx_word' id='word_1_22' title='bbox 1356 648 1461 709; x_wconf 89' lang='lat' dir='ltr'><strong>An</strong></span> <span class='ocrx_word' id='word_1_23' title='bbox 1529 649 1695 710; x_wconf 86' lang='lat' dir='ltr'><strong>nulla</strong></span> <span class='ocrx_word' id='word_1_24' title='bbox 1759 649 2188 728; x_wconf 74' lang='lat' dir='ltr'>posterioribus</span> <span class='ocrx_word' id='word_1_25' title='bbox 2246 651 2612 728; x_wconf 69' lang='lat' dir='ltr'><strong>temporibus</strong></span> 
     </span>
     <span class='ocr_line' id='line_1_5' title="bbox 359 737 2610 817; baseline -0.002 -15"><span class='ocrx_word' id='word_1_26' title='bbox 359 746 692 802; x_wconf 68' lang='lat' dir='ltr'><strong>occurrunt</strong></span> <span class='ocrx_word' id='word_1_27' title='bbox 738 739 992 817; x_wconf 79' lang='lat' dir='ltr'><strong>vestigia</strong></span> <span class='ocrx_word' id='word_1_28' title='bbox 1037 737 1403 799; x_wconf 78' lang='lat' dir='ltr'>Columbae?</span> <span class='ocrx_word' id='word_1_29' title='bbox 1449 739 1656 811; x_wconf 87' lang='lat' dir='ltr'><strong>Nulla,</strong></span> <span class='ocrx_word' id='word_1_30' title='bbox 1704 758 1856 815; x_wconf 84' lang='lat' dir='ltr'><strong>quae</strong></span> <span class='ocrx_word' id='word_1_31' title='bbox 1901 757 2282 816; x_wconf 74' lang='lat' dir='ltr'><strong>cognosceres</strong></span> <span class='ocrx_word' id='word_1_32' title='bbox 2327 758 2535 817; x_wconf 86' lang='lat' dir='ltr'><strong>pressa</strong></span> <span class='ocrx_word' id='word_1_33' title='bbox 2574 760 2610 798; x_wconf 87' lang='lat' dir='ltr'><strong>a</strong></span> 
     </span>
     <span class='ocr_line' id='line_1_6' title="bbox 359 826 2608 910; baseline -0.001 -22"><span class='ocrx_word' id='word_1_34' title='bbox 359 830 675 910; x_wconf 27' lang='lat' dir='ltr'><strong>‘peregrini</strong></span> <span class='ocrx_word' id='word_1_35' title='bbox 719 830 885 908; x_wconf 86' lang='lat' dir='ltr'><strong>pede.</strong></span> <span class='ocrx_word' id='word_1_36' title='bbox 945 829 1100 890; x_wconf 87' lang='lat' dir='ltr'><strong>Nam</strong></span> <span class='ocrx_word' id='word_1_37' title='bbox 1146 828 1402 888; x_wconf 85' lang='lat' dir='ltr'><strong>vidimus</strong></span> <span class='ocrx_word' id='word_1_38' title='bbox 1446 827 1650 900; x_wconf 87' lang='lat' dir='ltr'><strong>multa,</strong></span> <span class='ocrx_word' id='word_1_39' title='bbox 1699 846 1850 905; x_wconf 80' lang='lat' dir='ltr'><strong>quae</strong></span> <span class='ocrx_word' id='word_1_40' title='bbox 1894 826 2219 886; x_wconf 74' lang='lat' dir='ltr'><strong>Columbae</strong></span> <span class='ocrx_word' id='word_1_41' title='bbox 2266 833 2329 887; x_wconf 87' lang='lat' dir='ltr'><strong>et</strong></span> <span class='ocrx_word' id='word_1_42' title='bbox 2373 829 2608 887; x_wconf 87' lang='lat' dir='ltr'><strong>omnino</strong></span> 
     </span>
     <span class='ocr_line' id='line_1_7' title="bbox 361 915 2611 997; baseline -0.002 -18"><span class='ocrx_word' id='word_1_43' title='bbox 361 919 686 979; x_wconf 77' lang='lat' dir='ltr'><strong>Scotorum</strong></span> <span class='ocrx_word' id='word_1_44' title='bbox 742 917 987 997; x_wconf 88' lang='lat' dir='ltr'><strong>propria</strong></span> <span class='ocrx_word' id='word_1_45' title='bbox 1041 918 1226 977; x_wconf 79' lang='lat' dir='ltr'><strong>fuisse</strong></span> <span class='ocrx_word' id='word_1_46' title='bbox 1278 917 1582 990; x_wconf 84' lang='lat' dir='ltr'><strong>dicuntur,</strong></span> <span class='ocrx_word' id='word_1_47' title='bbox 1643 923 1749 976; x_wconf 88' lang='lat' dir='ltr'><strong>aut</strong></span> <span class='ocrx_word' id='word_1_48' title='bbox 1806 936 1926 975; x_wconf 85' lang='lat' dir='ltr'><strong>non</strong></span> <span class='ocrx_word' id='word_1_49' title='bbox 1987 915 2242 975; x_wconf 81' lang='lat' dir='ltr'><strong>inveniri</strong></span> <span class='ocrx_word' id='word_1_50' title='bbox 2296 917 2460 995; x_wconf 85' lang='lat' dir='ltr'><strong>apud</strong></span> <span class='ocrx_word' id='word_1_51' title='bbox 2512 937 2611 975; x_wconf 85' lang='lat' dir='ltr'><strong>eos</strong></span> 
     </span>
     <span class='ocr_line' id='line_1_8' title="bbox 360 1004 2611 1087; baseline -0.001 -20"><span class='ocrx_word' id='word_1_52' title='bbox 360 1009 480 1068; x_wconf 64' lang='lat' dir='ltr'><strong>aut</strong></span> <span class='ocrx_word' id='word_1_53' title='bbox 525 1006 768 1087; x_wconf 83' lang='lat' dir='ltr'><strong>propria</strong></span> <span class='ocrx_word' id='word_1_54' title='bbox 815 1027 1015 1066; x_wconf 91' lang='lat' dir='ltr'><strong>eorum</strong></span> <span class='ocrx_word' id='word_1_55' title='bbox 1062 1007 1300 1067; x_wconf 88' lang='lat' dir='ltr'><strong>minime</strong></span> <span class='ocrx_word' id='word_1_56' title='bbox 1345 1006 1550 1078; x_wconf 80' lang='lat' dir='ltr'><strong>fuisse,</strong></span> <span class='ocrx_word' id='word_1_57' title='bbox 1613 1005 1895 1065; x_wconf 80' lang='lat' dir='ltr'><strong>nonnulla</strong></span> <span class='ocrx_word' id='word_1_58' title='bbox 1954 1004 2098 1077; x_wconf 84' lang='lat' dir='ltr'><strong>alia,</strong></span> <span class='ocrx_word' id='word_1_59' title='bbox 2161 1022 2314 1082; x_wconf 88' lang='lat' dir='ltr'><strong>quae</strong></span> <span class='ocrx_word' id='word_1_60' title='bbox 2367 1006 2611 1084; x_wconf 82' lang='lat' dir='ltr'><strong>propria</strong></span> 
     </span>
     <span class='ocr_line' id='line_1_9' title="bbox 374 1093 2609 1172; baseline -0.001 -16"><span class='ocrx_word' id='word_1_61' title='bbox 374 1097 640 1170; x_wconf 80' lang='lat' dir='ltr'><strong>fuerunt,</strong></span> <span class='ocrx_word' id='word_1_62' title='bbox 707 1102 939 1156; x_wconf 85' lang='lat' dir='ltr'><strong>mutato</strong></span> <span class='ocrx_word' id='word_1_63' title='bbox 996 1096 1157 1155; x_wconf 86' lang='lat' dir='ltr'><strong>coelo</strong></span> <span class='ocrx_word' id='word_1_64' title='bbox 1203 1101 1268 1154; x_wconf 88' lang='lat' dir='ltr'><strong>et</strong></span> <span class='ocrx_word' id='word_1_65' title='bbox 1308 1094 1554 1156; x_wconf 82' lang='lat' dir='ltr'><strong>mutatis</strong></span> <span class='ocrx_word' id='word_1_66' title='bbox 1596 1093 1963 1172; x_wconf 75' lang='lat' dir='ltr'><strong>temporibus</strong></span> <span class='ocrx_word' id='word_1_67' title='bbox 2007 1094 2223 1154; x_wconf 79' lang='lat' dir='ltr'><strong>sensim</strong></span> <span class='ocrx_word' id='word_1_68' title='bbox 2270 1114 2399 1154; x_wconf 88' lang='lat' dir='ltr'><strong>esse</strong></span> <span class='ocrx_word' id='word_1_69' title='bbox 2442 1115 2609 1154; x_wconf 74' lang='lat' dir='ltr'><strong>exae-</strong></span> 
     </span>
     <span class='ocr_line' id='line_1_10' title="bbox 363 1177 2609 1263; baseline 0 -19"><span class='ocrx_word' id='word_1_70' title='bbox 363 1192 577 1263; x_wconf 84' lang='lat' dir='ltr'><strong>quata.</strong></span> <span class='ocrx_word' id='word_1_71' title='bbox 653 1185 826 1245; x_wconf 82' lang='lat' dir='ltr'><strong>Licet</strong></span> <span class='ocrx_word' id='word_1_72' title='bbox 872 1205 1011 1262; x_wconf 91' lang='lat' dir='ltr'><strong>ergo</strong></span> <span class='ocrx_word' id='word_1_73' title='bbox 1056 1184 1313 1243; x_wconf 85' lang='lat' dir='ltr'><strong>maxima</strong></span> <span class='ocrx_word' id='word_1_74' title='bbox 1358 1184 1539 1243; x_wconf 83' lang='lat' dir='ltr'><strong>fuerit</strong></span> <span class='ocrx_word' id='word_1_75' title='bbox 1585 1182 1907 1243; x_wconf 84' lang='lat' dir='ltr'><strong>Columbae</strong></span> <span class='ocrx_word' id='word_1_76' title='bbox 1954 1183 2114 1261; x_wconf 79' lang='lat' dir='ltr'><strong>apud</strong></span> <span class='ocrx_word' id='word_1_77' title='bbox 2160 1177 2365 1244; x_wconf 75' lang='lat' dir='ltr'><strong>Gallos</strong></span> <span class='ocrx_word' id='word_1_78' title='bbox 2411 1189 2609 1244; x_wconf 64' lang='lat' dir='ltr'><strong>aucto«</strong></span> 
     </span>
     <span class='ocr_line' id='line_1_11' title="bbox 376 1271 2611 1350; baseline -0.001 -17"><span class='ocrx_word' id='word_1_79' title='bbox 376 1274 551 1347; x_wconf 85' lang='lat' dir='ltr'><strong>ritas,</strong></span> <span class='ocrx_word' id='word_1_80' title='bbox 604 1273 749 1334; x_wconf 83' lang='lat' dir='ltr'><strong>licet</strong></span> <span class='ocrx_word' id='word_1_81' title='bbox 807 1273 1323 1345; x_wconf 65' lang='lat' dir='ltr'><strong>monasteriorum,</strong></span> <span class='ocrx_word' id='word_1_82' title='bbox 1386 1273 1605 1350; x_wconf 85' lang='lat' dir='ltr'><strong>quibus</strong></span> <span class='ocrx_word' id='word_1_83' title='bbox 1648 1292 1778 1330; x_wconf 80' lang='lat' dir='ltr'><strong>cum</strong></span> <span class='ocrx_word' id='word_1_84' title='bbox 1824 1271 2120 1330; x_wconf 82' lang='lat' dir='ltr'><strong>Columba</strong></span> <span class='ocrx_word' id='word_1_85' title='bbox 2161 1278 2221 1331; x_wconf 92' lang='lat' dir='ltr'><strong>et</strong></span> <span class='ocrx_word' id='word_1_86' title='bbox 2265 1272 2438 1332; x_wconf 86' lang='lat' dir='ltr'><strong>sociis</strong></span> <span class='ocrx_word' id='word_1_87' title='bbox 2484 1273 2611 1347; x_wconf 85' lang='lat' dir='ltr'><strong>ejus</strong></span> 
     </span>
     <span class='ocr_line' id='line_1_12' title="bbox 376 1360 2610 1440; baseline -0 -19"><span class='ocrx_word' id='word_1_88' title='bbox 376 1362 742 1423; x_wconf 80' lang='lat' dir='ltr'><strong>necessitudo</strong></span> <span class='ocrx_word' id='word_1_89' title='bbox 774 1369 919 1436; x_wconf 84' lang='lat' dir='ltr'><strong>erat,</strong></span> <span class='ocrx_word' id='word_1_90' title='bbox 966 1362 1242 1440; x_wconf 83' lang='lat' dir='ltr'><strong>discipuli</strong></span> <span class='ocrx_word' id='word_1_91' title='bbox 1287 1361 1629 1420; x_wconf 83' lang='lat' dir='ltr'><strong>creberrimi</strong></span> <span class='ocrx_word' id='word_1_92' title='bbox 1673 1360 2047 1420; x_wconf 75' lang='lat' dir='ltr'><strong>ascenderint</strong></span> <span class='ocrx_word' id='word_1_93' title='bbox 2090 1361 2153 1420; x_wconf 87' lang='lat' dir='ltr'><strong>in</strong></span> <span class='ocrx_word' id='word_1_94' title='bbox 2199 1361 2610 1439; x_wconf 84' lang='lat' dir='ltr'><strong>episcoporum</strong></span> 
     </span>
     <span class='ocr_line' id='line_1_13' title="bbox 362 1449 2609 1528; baseline -0 -18"><span class='ocrx_word' id='word_1_95' title='bbox 362 1451 639 1528; x_wconf 75' lang='lat' dir='ltr'><strong>gradum,</strong></span> <span class='ocrx_word' id='word_1_96' title='bbox 675 1487 759 1496; x_wconf 91' lang='lat'><strong>—-</strong></span> <span class='ocrx_word' id='word_1_97' title='bbox 790 1451 1170 1511; x_wconf 85' lang='lat' dir='ltr'><strong>nihilosecius</strong></span> <span class='ocrx_word' id='word_1_98' title='bbox 1213 1451 1366 1509; x_wconf 85' lang='lat' dir='ltr'><strong>hauc</strong></span> <span class='ocrx_word' id='word_1_99' title='bbox 1412 1451 1487 1509; x_wconf 86' lang='lat' dir='ltr'><strong>ob</strong></span> <span class='ocrx_word' id='word_1_100' title='bbox 1538 1469 1664 1509; x_wconf 87' lang='lat' dir='ltr'><strong>rem</strong></span> <span class='ocrx_word' id='word_1_101' title='bbox 1711 1449 2022 1508; x_wconf 78' lang='lat' dir='ltr'><strong>Gallorum</strong></span> <span class='ocrx_word' id='word_1_102' title='bbox 2069 1450 2313 1509; x_wconf 89' lang='lat' dir='ltr'><strong>ecclesia</strong></span> <span class='ocrx_word' id='word_1_103' title='bbox 2357 1451 2437 1509; x_wconf 87' lang='lat' dir='ltr'><strong>ab</strong></span> <span class='ocrx_word' id='word_1_104' title='bbox 2479 1450 2609 1508; x_wconf 85' lang='lat' dir='ltr'><strong>uni·</strong></span> 
     </span>
     <span class='ocr_line' id='line_1_14' title="bbox 373 1538 2612 1617; baseline 0 -18"><span class='ocrx_word' id='word_1_105' title='bbox 373 1546 500 1599; x_wconf 78' lang='lat' dir='ltr'><strong>tate</strong></span> <span class='ocrx_word' id='word_1_106' title='bbox 546 1541 839 1599; x_wconf 86' lang='lat' dir='ltr'><strong>catholica</strong></span> <span class='ocrx_word' id='word_1_107' title='bbox 884 1559 1186 1617; x_wconf 88' lang='lat' dir='ltr'><strong>nunquam</strong></span> <span class='ocrx_word' id='word_1_108' title='bbox 1234 1539 1506 1598; x_wconf 77' lang='lat' dir='ltr'><strong>discessit</strong></span> <span class='ocrx_word' id='word_1_109' title='bbox 1561 1569 1644 1584; x_wconf 76' lang='lat'><strong>—-</strong></span> <span class='ocrx_word' id='word_1_110' title='bbox 1700 1538 1916 1597; x_wconf 87' lang='lat' dir='ltr'><strong>nedum</strong></span> <span class='ocrx_word' id='word_1_111' title='bbox 1971 1538 2291 1598; x_wconf 73' lang='lat' dir='ltr'><strong>absurdum</strong></span> <span class='ocrx_word' id='word_1_112' title='bbox 2344 1559 2466 1598; x_wconf 84' lang='lat' dir='ltr'><strong>non</strong></span> <span class='ocrx_word' id='word_1_113' title='bbox 2521 1547 2612 1599; x_wconf 87' lang='lat' dir='ltr'><strong>est</strong></span> 
     </span>
     <span class='ocr_line' id='line_1_15' title="bbox 361 1626 2608 1708; baseline 0 -21"><span class='ocrx_word' id='word_1_114' title='bbox 361 1629 672 1687; x_wconf 75' lang='lat' dir='ltr'><strong>affirmare</strong></span> <span class='ocrx_word' id='word_1_115' title='bbox 718 1628 997 1703; x_wconf 85' lang='lat' dir='ltr'><strong>(Ebrard,</strong></span> <span class='ocrx_word' id='word_1_116' title='bbox 1043 1650 1101 1708; x_wconf 87' lang='lat' dir='ltr'><strong>p.</strong></span> <span class='ocrx_word' id='word_1_117' title='bbox 1153 1629 1306 1705; x_wconf 76' lang='lat'><strong>322)</strong></span> <span class='ocrx_word' id='word_1_118' title='bbox 1351 1628 1608 1688; x_wconf 87' lang='lat' dir='ltr'><strong>insulam</strong></span> <span class='ocrx_word' id='word_1_119' title='bbox 1651 1627 1872 1687; x_wconf 82' lang='lat' dir='ltr'><strong>Jonam</strong></span> <span class='ocrx_word' id='word_1_120' title='bbox 1919 1627 2137 1687; x_wconf 82' lang='lat' dir='ltr'><strong>saeculi</strong></span> <span class='ocrx_word' id='word_1_121' title='bbox 2181 1626 2419 1706; x_wconf 82' lang='lat' dir='ltr'><strong>septimi</strong></span> <span class='ocrx_word' id='word_1_122' title='bbox 2463 1633 2608 1687; x_wconf 83' lang='lat' dir='ltr'><strong>tem·</strong></span> 
     </span>
     <span class='ocr_line' id='line_1_16' title="bbox 359 1714 2610 1796; baseline 0 -21"><span class='ocrx_word' id='word_1_123' title='bbox 359 1787 365 1791; x_wconf 24' lang='grc' dir='ltr'>ι</span> <span class='ocrx_word' id='word_1_124' title='bbox 372 1718 616 1794; x_wconf 87' lang='lat' dir='ltr'><strong>poribus</strong></span> <span class='ocrx_word' id='word_1_125' title='bbox 671 1718 1072 1796; x_wconf 77' lang='lat' dir='ltr'><strong>principatum</strong></span> <span class='ocrx_word' id='word_1_126' title='bbox 1128 1717 1423 1794; x_wconf 82' lang='lat' dir='ltr'><strong>quendam</strong></span> <span class='ocrx_word' id='word_1_127' title='bbox 1481 1716 1809 1776; x_wconf 84' lang='lat' dir='ltr'><strong>obtinuisse</strong></span> <span class='ocrx_word' id='word_1_128' title='bbox 1862 1716 1926 1773; x_wconf 90' lang='lat' dir='ltr'><strong>in</strong></span> <span class='ocrx_word' id='word_1_129' title='bbox 1984 1716 2229 1776; x_wconf 83' lang='lat' dir='ltr'><strong>ecclesia</strong></span> <span class='ocrx_word' id='word_1_130' title='bbox 2284 1714 2610 1776; x_wconf 53' lang='lat' dir='ltr'><strong>Gallorumu</strong></span> 
     </span>
     <span class='ocr_line' id='line_1_17' title="bbox 360 1804 2610 1884; baseline -0.001 -17"><span class='ocrx_word' id='word_1_131' title='bbox 360 1806 554 1879; x_wconf 82' lang='lat' dir='ltr'><strong>Nam,</strong></span> <span class='ocrx_word' id='word_1_132' title='bbox 599 1812 671 1866; x_wconf 93' lang='lat' dir='ltr'><strong>ut</strong></span> <span class='ocrx_word' id='word_1_133' title='bbox 716 1805 1015 1880; x_wconf 84' lang='lat' dir='ltr'><strong>omittam,</strong></span> <span class='ocrx_word' id='word_1_134' title='bbox 1063 1807 1221 1884; x_wconf 90' lang='lat' dir='ltr'><strong>quod</strong></span> <span class='ocrx_word' id='word_1_135' title='bbox 1266 1806 1512 1865; x_wconf 90' lang='lat' dir='ltr'><strong>dubium</strong></span> <span class='ocrx_word' id='word_1_136' title='bbox 1559 1812 1674 1879; x_wconf 87' lang='lat' dir='ltr'><strong>est,</strong></span> <span class='ocrx_word' id='word_1_137' title='bbox 1737 1824 1934 1865; x_wconf 87' lang='lat' dir='ltr'><strong>annon</strong></span> <span class='ocrx_word' id='word_1_138' title='bbox 1980 1804 2333 1877; x_wconf 85' lang='lat' dir='ltr'><strong>Columbae,</strong></span> <span class='ocrx_word' id='word_1_139' title='bbox 2391 1806 2610 1883; x_wconf 87' lang='lat' dir='ltr'><strong>quippe</strong></span> 
     </span>
     <span class='ocr_line' id='line_1_18' title="bbox 373 1893 2610 1975; baseline 0 -22"><span class='ocrx_word' id='word_1_140' title='bbox 373 1893 660 1954; x_wconf 85' lang='lat' dir='ltr'><strong>monacho</strong></span> <span class='ocrx_word' id='word_1_141' title='bbox 703 1894 1147 1968; x_wconf 76' lang='grc' dir='ltr'><strong>ΙΒο1101101’01101,</strong></span> <span class='ocrx_word' id='word_1_142' title='bbox 1219 1895 1501 1972; x_wconf 77' lang='lat' dir='ltr'><strong>quamdiu</strong></span> <span class='ocrx_word' id='word_1_143' title='bbox 1570 1894 1632 1952; x_wconf 88' lang='lat' dir='ltr'><strong>in</strong></span> <span class='ocrx_word' id='word_1_144' title='bbox 1701 1894 1996 1952; x_wconf 83' lang='lat' dir='ltr'><strong>Hibernia</strong></span> <span class='ocrx_word' id='word_1_145' title='bbox 2065 1900 2219 1975; x_wconf 85' lang='lat' dir='ltr'><strong>erat,</strong></span> <span class='ocrx_word' id='word_1_146' title='bbox 2287 1895 2410 1953; x_wconf 89' lang='lat' dir='ltr'><strong>ulla</strong></span> <span class='ocrx_word' id='word_1_147' title='bbox 2480 1915 2610 1953; x_wconf 88' lang='lat' dir='ltr'><strong>cum</strong></span> 
     </span>
     <span class='ocr_line' id='line_1_19' title="bbox 372 1981 2607 2061; baseline 0 -19"><span class='ocrx_word' id='word_1_148' title='bbox 372 1983 722 2043; x_wconf 73' lang='lat' dir='ltr'><strong>Hii&#39;ensibrus</strong></span> <span class='ocrx_word' id='word_1_149' title='bbox 767 1985 1136 2044; x_wconf 83' lang='lat' dir='ltr'><strong>necessitudo</strong></span> <span class='ocrx_word' id='word_1_150' title='bbox 1182 1984 1365 2044; x_wconf 83' lang='lat' dir='ltr'><strong>fuerit</strong></span> <span class='ocrx_word' id='word_1_151' title='bbox 1393 1985 1493 2060; x_wconf 79' lang='lat' dir='ltr'><strong>(cf.</strong></span> <span class='ocrx_word' id='word_1_152' title='bbox 1523 2003 1704 2061; x_wconf 88' lang='lat' dir='ltr'><strong>supra</strong></span> <span class='ocrx_word' id='word_1_153' title='bbox 1733 2003 1793 2060; x_wconf 87' lang='lat' dir='ltr'><strong>p.</strong></span> <span class='ocrx_word' id='word_1_154' title='bbox 1827 1982 1954 2059; x_wconf 84' lang='lat'><strong>55),</strong></span> <span class='ocrx_word' id='word_1_155' title='bbox 1988 2016 2072 2028; x_wconf 90' lang='lat'><strong>-—</strong></span> <span class='ocrx_word' id='word_1_156' title='bbox 2106 1982 2380 2042; x_wconf 85' lang='lat' dir='ltr'><strong>ecclesiae</strong></span> <span class='ocrx_word' id='word_1_157' title='bbox 2420 1981 2607 2042; x_wconf 73' lang='lat' dir='ltr'><strong>Galli-</strong></span> 
     </span>
     <span class='ocr_line' id='line_1_20' title="bbox 360 2072 2609 2149; baseline 0 -19"><span class='ocrx_word' id='word_1_158' title='bbox 360 2091 555 2135; x_wconf 84' lang='lat' dir='ltr'><strong>canae</strong></span> <span class='ocrx_word' id='word_1_159' title='bbox 600 2093 695 2131; x_wconf 91' lang='lat' dir='ltr'><strong>res</strong></span> <span class='ocrx_word' id='word_1_160' title='bbox 743 2072 1032 2133; x_wconf 90' lang='lat' dir='ltr'><strong>Columba</strong></span> <span class='ocrx_word' id='word_1_161' title='bbox 1074 2073 1188 2132; x_wconf 89' lang='lat' dir='ltr'><strong>nisi</strong></span> <span class='ocrx_word' id='word_1_162' title='bbox 1236 2072 1579 2133; x_wconf 87' lang='lat' dir='ltr'><strong>circuitione</strong></span> <span class='ocrx_word' id='word_1_163' title='bbox 1626 2072 1884 2148; x_wconf 89' lang='lat' dir='ltr'><strong>quadam</strong></span> <span class='ocrx_word' id='word_1_164' title='bbox 1927 2091 2048 2129; x_wconf 89' lang='lat' dir='ltr'><strong>non</strong></span> <span class='ocrx_word' id='word_1_165' title='bbox 2095 2072 2340 2145; x_wconf 85' lang='lat' dir='ltr'><strong>curavit,</strong></span> <span class='ocrx_word' id='word_1_166' title='bbox 2388 2072 2529 2149; x_wconf 85' lang='lat' dir='ltr'><strong>quia</strong></span> <span class='ocrx_word' id='word_1_167' title='bbox 2574 2093 2609 2131; x_wconf 89' lang='lat' dir='ltr'><strong>a</strong></span> 
     </span>
     <span class='ocr_line' id='line_1_21' title="bbox 363 2160 2631 2239; baseline 0.002 -22"><span class='ocrx_word' id='word_1_168' title='bbox 363 2162 690 2221; x_wconf 75' lang='lat' dir='ltr'><strong>‚mundanis</strong></span> <span class='ocrx_word' id='word_1_169' title='bbox 733 2162 990 2239; x_wconf 86' lang='lat' dir='ltr'><strong>negotiis</strong></span> <span class='ocrx_word' id='word_1_170' title='bbox 1035 2162 1183 2221; x_wconf 85' lang='lat' dir='ltr'><strong>adeo</strong></span> <span class='ocrx_word' id='word_1_171' title='bbox 1239 2162 1622 2234; x_wconf 80' lang='lat' dir='ltr'><strong>abhorrebat,</strong></span> <span class='ocrx_word' id='word_1_172' title='bbox 1682 2166 1753 2219; x_wconf 90' lang='lat' dir='ltr'><strong>ut</strong></span> <span class='ocrx_word' id='word_1_173' title='bbox 1804 2179 1881 2219; x_wconf 89' lang='lat' dir='ltr'><strong>ne</strong></span> <span class='ocrx_word' id='word_1_174' title='bbox 1934 2160 2157 2236; x_wconf 81' lang='lat' dir='ltr'><strong>synodo</strong></span> <span class='ocrx_word' id='word_1_175' title='bbox 2213 2160 2449 2237; x_wconf 90' lang='lat' dir='ltr'><strong>quidem</strong></span> <span class='ocrx_word' id='word_1_176' title='bbox 2504 2181 2631 2233; x_wconf 62' lang='lat' dir='ltr'><strong>sua&gt;</strong></span> 
     </span>
     <span class='ocr_line' id='line_1_22' title="bbox 367 2248 2611 2330; baseline 0.001 -22"><span class='ocrx_word' id='word_1_177' title='bbox 367 2248 561 2328; x_wconf 77' lang='lat' dir='ltr'><strong>ipsius</strong></span> <span class='ocrx_word' id='word_1_178' title='bbox 608 2270 785 2310; x_wconf 89' lang='lat' dir='ltr'><strong>causa</strong></span> <span class='ocrx_word' id='word_1_179' title='bbox 829 2258 1224 2330; x_wconf 81' lang='lat' dir='ltr'><strong>congregatae</strong></span> <span class='ocrx_word' id='word_1_180' title='bbox 1268 2251 1553 2310; x_wconf 82' lang='lat' dir='ltr'><strong>interesse</strong></span> <span class='ocrx_word' id='word_1_181' title='bbox 1602 2250 1779 2309; x_wconf 80' lang='lat' dir='ltr'><strong>vellet</strong></span> <span class='ocrx_word' id='word_1_182' title='bbox 1825 2250 1923 2326; x_wconf 79' lang='lat' dir='ltr'><strong>(of.</strong></span> <span class='ocrx_word' id='word_1_183' title='bbox 1955 2269 2135 2327; x_wconf 89' lang='lat' dir='ltr'><strong>supra</strong></span> <span class='ocrx_word' id='word_1_184' title='bbox 2179 2270 2238 2327; x_wconf 90' lang='lat' dir='ltr'><strong>p.</strong></span> <span class='ocrx_word' id='word_1_185' title='bbox 2274 2251 2400 2327; x_wconf 78' lang='lat'>92).</span> <span class='ocrx_word' id='word_1_186' title='bbox 2490 2249 2611 2310; x_wconf 86' lang='lat' dir='ltr'><strong>Sed</strong></span> 
     </span>
     <span class='ocr_line' id='line_1_23' title="bbox 375 2338 2609 2416; baseline 0.002 -22"><span class='ocrx_word' id='word_1_187' title='bbox 375 2345 442 2395; x_wconf 89' lang='lat' dir='ltr'><strong>et</strong></span> <span class='ocrx_word' id='word_1_188' title='bbox 491 2338 780 2396; x_wconf 82' lang='lat' dir='ltr'><strong>Columba</strong></span> <span class='ocrx_word' id='word_1_189' title='bbox 842 2345 904 2398; x_wconf 90' lang='lat' dir='ltr'><strong>et</strong></span> <span class='ocrx_word' id='word_1_190' title='bbox 962 2340 1107 2398; x_wconf 85' lang='lat' dir='ltr'><strong>socii</strong></span> <span class='ocrx_word' id='word_1_191' title='bbox 1167 2344 1295 2416; x_wconf 78' lang='lat' dir='ltr'><strong>eJ‘us</strong></span> <span class='ocrx_word' id='word_1_192' title='bbox 1352 2340 1416 2399; x_wconf 89' lang='grc'><strong>111</strong></span> <span class='ocrx_word' id='word_1_193' title='bbox 1475 2339 1723 2398; x_wconf 84' lang='lat' dir='ltr'><strong>desertis</strong></span> <span class='ocrx_word' id='word_1_194' title='bbox 1784 2338 2084 2412; x_wconf 82' lang='lat' dir='ltr'><strong>sedentes,</strong></span> <span class='ocrx_word' id='word_1_195' title='bbox 2153 2338 2301 2397; x_wconf 86' lang='lat' dir='ltr'><strong>nulli</strong></span> <span class='ocrx_word' id='word_1_196' title='bbox 2358 2340 2609 2413; x_wconf 87' lang='lat' dir='ltr'><strong>molesti,</strong></span> 
     </span>
     <span class='ocr_line' id='line_1_24' title="bbox 364 2426 2608 2505; baseline 0.002 -22"><span class='ocrx_word' id='word_1_197' title='bbox 364 2443 509 2483; x_wconf 73' lang='lat' dir='ltr'><strong>cum</strong></span> <span class='ocrx_word' id='word_1_198' title='bbox 568 2426 866 2485; x_wconf 85' lang='lat' dir='ltr'><strong>seniorum</strong></span> <span class='ocrx_word' id='word_1_199' title='bbox 913 2446 1149 2486; x_wconf 86' lang='lat' dir='ltr'><strong>suorum</strong></span> <span class='ocrx_word' id='word_1_200' title='bbox 1211 2428 1432 2505; x_wconf 89' lang='lat' dir='ltr'><strong>regulis</strong></span> <span class='ocrx_word' id='word_1_201' title='bbox 1475 2428 1799 2487; x_wconf 88' lang='lat' dir='ltr'><strong>manebant</strong></span> <span class='ocrx_word' id='word_1_202' title='bbox 1851 2445 2045 2504; x_wconf 83' lang='lat' dir='ltr'><strong>neque·</strong></span> <span class='ocrx_word' id='word_1_203' title='bbox 2096 2427 2374 2486; x_wconf 87' lang='lat' dir='ltr'><strong>ecclesiae</strong></span> <span class='ocrx_word' id='word_1_204' title='bbox 2420 2426 2608 2487; x_wconf 76' lang='lat' dir='ltr'><strong>Galli-</strong></span> 
     </span>
     <span class='ocr_line' id='line_1_25' title="bbox 363 2514 2607 2593; baseline 0.002 -22"><span class='ocrx_word' id='word_1_205' title='bbox 363 2531 558 2572; x_wconf 78' lang='lat' dir='ltr'><strong>canae</strong></span> <span class='ocrx_word' id='word_1_206' title='bbox 601 2515 785 2574; x_wconf 87' lang='lat' dir='ltr'><strong>ullam</strong></span> <span class='ocrx_word' id='word_1_207' title='bbox 829 2514 1117 2575; x_wconf 87' lang='lat' dir='ltr'><strong>rationem</strong></span> <span class='ocrx_word' id='word_1_208' title='bbox 1162 2516 1489 2589; x_wconf 84' lang='lat' dir='ltr'><strong>habebant,</strong></span> <span class='ocrx_word' id='word_1_209' title='bbox 1560 2516 1677 2576; x_wconf 85' lang='lat' dir='ltr'><strong>nisi</strong></span> <span class='ocrx_word' id='word_1_210' title='bbox 1730 2515 1844 2589; x_wconf 87' lang='lat' dir='ltr'><strong>ita,</strong></span> <span class='ocrx_word' id='word_1_211' title='bbox 1914 2521 1980 2574; x_wconf 90' lang='lat' dir='ltr'><strong>ut</strong></span> <span class='ocrx_word' id='word_1_212' title='bbox 2037 2535 2159 2589; x_wconf 89' lang='lat' dir='ltr'><strong>eos,</strong></span> <span class='ocrx_word' id='word_1_213' title='bbox 2230 2516 2332 2593; x_wconf 89' lang='lat' dir='ltr'><strong>qui</strong></span> <span class='ocrx_word' id='word_1_214' title='bbox 2387 2517 2607 2590; x_wconf 84' lang='lat' dir='ltr'><strong>eadem,</strong></span> 
     </span>
     <span class='ocr_line' id='line_1_26' title="bbox 361 2601 2607 2683; baseline 0.003 -24"><span class='ocrx_word' id='word_1_215' title='bbox 361 2620 491 2678; x_wconf 77' lang='lat' dir='ltr'><strong>qua</strong></span> <span class='ocrx_word' id='word_1_216' title='bbox 534 2601 677 2681; x_wconf 85' lang='lat' dir='ltr'><strong>ipsi,</strong></span> <span class='ocrx_word' id='word_1_217' title='bbox 723 2603 928 2662; x_wconf 89' lang='lat' dir='ltr'><strong>mundi</strong></span> <span class='ocrx_word' id='word_1_218' title='bbox 973 2611 1035 2663; x_wconf 91' lang='lat' dir='ltr'><strong>et</strong></span> <span class='ocrx_word' id='word_1_219' title='bbox 1078 2605 1238 2664; x_wconf 84' lang='lat' dir='ltr'><strong>vitae</strong></span> <span class='ocrx_word' id='word_1_220' title='bbox 1283 2606 1559 2665; x_wconf 79' lang='lat' dir='ltr'><strong>satietate</strong></span> <span class='ocrx_word' id='word_1_221' title='bbox 1607 2605 1792 2683; x_wconf 88' lang='lat' dir='ltr'><strong>capti,</strong></span> <span class='ocrx_word' id='word_1_222' title='bbox 1841 2604 2027 2664; x_wconf 84' lang='lat' dir='ltr'><strong>veluti</strong></span> <span class='ocrx_word' id='word_1_223' title='bbox 2071 2605 2301 2682; x_wconf 87' lang='lat' dir='ltr'><strong>aegroti</strong></span> <span class='ocrx_word' id='word_1_224' title='bbox 2344 2605 2407 2663; x_wconf 89' lang='lat' dir='ltr'><strong>in</strong></span> <span class='ocrx_word' id='word_1_225' title='bbox 2453 2607 2607 2666; x_wconf 76' lang='lat' dir='ltr'><strong>vale-</strong></span> 
     </span>
     <span class='ocr_line' id='line_1_27' title="bbox 370 2690 2607 2770; baseline 0.002 -20"><span class='ocrx_word' id='word_1_226' title='bbox 370 2690 698 2764; x_wconf 80' lang='lat' dir='ltr'><strong>tudinaria,</strong></span> <span class='ocrx_word' id='word_1_227' title='bbox 757 2692 822 2750; x_wconf 91' lang='lat' dir='ltr'><strong>in</strong></span> <span class='ocrx_word' id='word_1_228' title='bbox 875 2694 1235 2753; x_wconf 87' lang='lat' dir='ltr'><strong>monasteria</strong></span> <span class='ocrx_word' id='word_1_229' title='bbox 1289 2715 1491 2753; x_wconf 85' lang='lat' dir='ltr'><strong>eorum</strong></span> <span class='ocrx_word' id='word_1_230' title='bbox 1538 2693 1986 2770; x_wconf 84' lang='lat' dir='ltr'><strong>confugiebant,</strong></span> <span class='ocrx_word' id='word_1_231' title='bbox 2048 2695 2492 2754; x_wconf 80' lang='lat' dir='ltr'><strong>consolarentur</strong></span> <span class='ocrx_word' id='word_1_232' title='bbox 2546 2702 2607 2755; x_wconf 88' lang='lat' dir='ltr'><strong>et</strong></span> 
     </span>
     <span class='ocr_line' id='line_1_28' title="bbox 359 2780 2604 2862; baseline 0.003 -26"><span class='ocrx_word' id='word_1_233' title='bbox 359 2798 480 2857; x_wconf 70' lang='lat' dir='ltr'><strong>per</strong></span> <span class='ocrx_word' id='word_1_234' title='bbox 526 2797 625 2837; x_wconf 85' lang='lat' dir='ltr'><strong>eos</strong></span> <span class='ocrx_word' id='word_1_235' title='bbox 671 2780 948 2839; x_wconf 88' lang='lat' dir='ltr'><strong>ecclesiae</strong></span> <span class='ocrx_word' id='word_1_236' title='bbox 993 2801 1185 2840; x_wconf 90' lang='lat' dir='ltr'><strong>mores</strong></span> <span class='ocrx_word' id='word_1_237' title='bbox 1231 2782 1318 2839; x_wconf 89' lang='lat' dir='ltr'><strong>ita</strong></span> <span class='ocrx_word' id='word_1_238' title='bbox 1363 2781 1674 2840; x_wconf 86' lang='lat' dir='ltr'><strong>emendare</strong></span> <span class='ocrx_word' id='word_1_239' title='bbox 1720 2781 2052 2853; x_wconf 85' lang='lat' dir='ltr'><strong>studerent,</strong></span> <span class='ocrx_word' id='word_1_240' title='bbox 2113 2788 2184 2840; x_wconf 88' lang='lat' dir='ltr'><strong>ut</strong></span> <span class='ocrx_word' id='word_1_241' title='bbox 2243 2802 2421 2859; x_wconf 85' lang='lat' dir='ltr'><strong>qnam</strong></span> <span class='ocrx_word' id='word_1_242' title='bbox 2475 2785 2604 2862; x_wconf 79' lang='lat' dir='ltr'><strong>plu-</strong></span> 
     </span>
     <span class='ocr_line' id='line_1_29' title="bbox 368 2867 2606 2941; baseline 0.002 -14"><span class='ocrx_word' id='word_1_243' title='bbox 368 2867 550 2927; x_wconf 84' lang='lat' dir='ltr'><strong>rimos</strong></span> <span class='ocrx_word' id='word_1_244' title='bbox 596 2867 672 2926; x_wconf 88' lang='lat' dir='ltr'><strong>ad</strong></span> <span class='ocrx_word' id='word_1_245' title='bbox 718 2868 904 2928; x_wconf 86' lang='lat' dir='ltr'><strong>vitam</strong></span> <span class='ocrx_word' id='word_1_246' title='bbox 951 2869 1351 2928; x_wconf 88' lang='lat' dir='ltr'><strong>monachicam</strong></span> <span class='ocrx_word' id='word_1_247' title='bbox 1396 2869 1742 2941; x_wconf 84' lang='lat' dir='ltr'><strong>incitarent,</strong></span> <span class='ocrx_word' id='word_1_248' title='bbox 1797 2869 2005 2928; x_wconf 89' lang='lat' dir='ltr'><strong>saltem</strong></span> <span class='ocrx_word' id='word_1_249' title='bbox 2050 2878 2486 2930; x_wconf 83' lang='lat' dir='ltr'><strong>commoverent</strong></span> <span class='ocrx_word' id='word_1_250' title='bbox 2531 2872 2606 2931; x_wconf 88' lang='lat' dir='ltr'><strong>ad</strong></span> 
     </span>
     <span class='ocr_line' id='line_1_30' title="bbox 361 2956 2604 3036; baseline 0.002 -21"><span class='ocrx_word' id='word_1_251' title='bbox 361 2956 807 3035; x_wconf 81' lang='lat' dir='ltr'><strong>despiciendam</strong></span> <span class='ocrx_word' id='word_1_252' title='bbox 852 2957 1005 3016; x_wconf 87' lang='lat' dir='ltr'><strong>hanc</strong></span> <span class='ocrx_word' id='word_1_253' title='bbox 1049 2957 1258 3030; x_wconf 84' lang='lat' dir='ltr'><strong>vitam,</strong></span> <span class='ocrx_word' id='word_1_254' title='bbox 1291 2958 1389 3016; x_wconf 82' lang='lat' dir='ltr'><strong>-de</strong></span> <span class='ocrx_word' id='word_1_255' title='bbox 1434 2977 1551 3035; x_wconf 89' lang='lat' dir='ltr'><strong>qua</strong></span> <span class='ocrx_word' id='word_1_256' title='bbox 1598 2958 1885 3017; x_wconf 87' lang='lat' dir='ltr'><strong>Columba</strong></span> <span class='ocrx_word' id='word_1_257' title='bbox 1928 2976 2047 3017; x_wconf 76' lang='lat' dir='ltr'><strong>mm</strong></span> <span class='ocrx_word' id='word_1_258' title='bbox 2090 2956 2209 3017; x_wconf 73' lang='lat' dir='ltr'><strong>vita</strong></span> <span class='ocrx_word' id='word_1_259' title='bbox 2251 2977 2334 3029; x_wconf 72' lang='lat' dir='ltr'><strong>es,</strong></span> <span class='ocrx_word' id='word_1_260' title='bbox 2393 2959 2604 3036; x_wconf 84' lang='lat' dir='ltr'><strong>inquit,</strong></span> 
     </span>
     <span class='ocr_line' id='line_1_31' title="bbox 358 3043 1998 3126; baseline -0.004 -21"><span class='ocrx_word' id='word_1_261' title='bbox 358 3044 476 3105; x_wconf 52' lang='lat' dir='ltr'><strong>«sed</strong></span> <span class='ocrx_word' id='word_1_262' title='bbox 517 3044 616 3106; x_wconf 83' lang='lat' dir='ltr'><strong>via</strong></span> <span class='ocrx_word' id='word_1_263' title='bbox 660 3047 855 3121; x_wconf 90' lang='lat' dir='ltr'><strong>(instr.</strong></span> <span class='ocrx_word' id='word_1_264' title='bbox 903 3046 960 3119; x_wconf 84' lang='lat'><strong>5,</strong></span> <span class='ocrx_word' id='word_1_265' title='bbox 983 3046 1163 3105; x_wconf 77' lang='lat' dir='ltr'><strong>Bibl.</strong></span> <span class='ocrx_word' id='word_1_266' title='bbox 1212 3065 1361 3106; x_wconf 84' lang='lat' dir='ltr'><strong>max.</strong></span> <span class='ocrx_word' id='word_1_267' title='bbox 1408 3043 1560 3118; x_wconf 87' lang='lat' dir='ltr'><strong>XII,</strong></span> <span class='ocrx_word' id='word_1_268' title='bbox 1607 3069 1664 3126; x_wconf 82' lang='lat' dir='ltr'><strong>p.</strong></span> <span class='ocrx_word' id='word_1_269' title='bbox 1718 3047 1882 3123; x_wconf 74' lang='grc'><strong>13)..</strong></span> <span class='ocrx_word' id='word_1_270' title='bbox 1994 3069 1998 3074; x_wconf 89' lang='grc'><strong><em>·</em></strong></span> 
     </span>
    </p>

    <p class='ocr_par' dir='ltr' id='par_1_3' title="bbox 356 3134 2603 4460">
     <span class='ocr_line' id='line_1_32' title="bbox 547 3134 2603 3217; baseline 0.002 -24"><span class='ocrx_word' id='word_1_271' title='bbox 547 3135 838 3195; x_wconf 79' lang='lat' dir='ltr'><strong>Attamen</strong></span> <span class='ocrx_word' id='word_1_272' title='bbox 885 3134 1198 3209; x_wconf 86' lang='lat' dir='ltr'><strong>Columba,</strong></span> <span class='ocrx_word' id='word_1_273' title='bbox 1227 3154 1377 3207; x_wconf 31' lang='lat' dir='ltr'><strong>,cum</strong></span> <span class='ocrx_word' id='word_1_274' title='bbox 1424 3143 1579 3196; x_wconf 83' lang='lat' dir='ltr'><strong>esset</strong></span> <span class='ocrx_word' id='word_1_275' title='bbox 1622 3135 1721 3195; x_wconf 85' lang='lat' dir='ltr'><strong>vir</strong></span> <span class='ocrx_word' id='word_1_276' title='bbox 1761 3143 2057 3209; x_wconf 85' lang='lat' dir='ltr'><strong>strenuus,</strong></span> <span class='ocrx_word' id='word_1_277' title='bbox 2104 3135 2334 3196; x_wconf 84' lang='lat' dir='ltr'><strong>sincera</strong></span> <span class='ocrx_word' id='word_1_278' title='bbox 2368 3137 2603 3217; x_wconf 77' lang='lat' dir='ltr'><strong>pietate</strong></span> 
     </span>
     <span class='ocr_line' id='line_1_33' title="bbox 368 3223 2602 3303; baseline 0.003 -22"><span class='ocrx_word' id='word_1_279' title='bbox 368 3230 433 3283; x_wconf 86' lang='lat' dir='ltr'><strong>et</strong></span> <span class='ocrx_word' id='word_1_280' title='bbox 486 3224 804 3284; x_wconf 87' lang='lat' dir='ltr'><strong>sanctitate</strong></span> <span class='ocrx_word' id='word_1_281' title='bbox 861 3223 1133 3299; x_wconf 84' lang='lat' dir='ltr'><strong>eximius,</strong></span> <span class='ocrx_word' id='word_1_282' title='bbox 1197 3231 1258 3284; x_wconf 91' lang='lat' dir='ltr'><strong>et</strong></span> <span class='ocrx_word' id='word_1_283' title='bbox 1314 3244 1444 3284; x_wconf 89' lang='lat' dir='ltr'><strong>cum</strong></span> <span class='ocrx_word' id='word_1_284' title='bbox 1498 3227 1797 3303; x_wconf 86' lang='lat' dir='ltr'><strong>permulta</strong></span> <span class='ocrx_word' id='word_1_285' title='bbox 1859 3245 1927 3283; x_wconf 88' lang='grc'><strong>00</strong></span> <span class='ocrx_word' id='word_1_286' title='bbox 1989 3231 2228 3284; x_wconf 86' lang='lat' dir='ltr'><strong>auctore</strong></span> <span class='ocrx_word' id='word_1_287' title='bbox 2287 3226 2351 3283; x_wconf 85' lang='lat' dir='ltr'><strong>in</strong></span> <span class='ocrx_word' id='word_1_288' title='bbox 2407 3225 2602 3287; x_wconf 76' lang='lat' dir='ltr'><strong>Gallia</strong></span> 
     </span>
     <span class='ocr_line' id='line_1_34' title="bbox 357 3311 2601 3387; baseline 0.001 -15"><span class='ocrx_word' id='word_1_289' title='bbox 357 3313 873 3373; x_wconf 78' lang='lat' dir='ltr'><strong>constituerentur</strong></span> <span class='ocrx_word' id='word_1_290' title='bbox 917 3314 1299 3387; x_wconf 87' lang='lat' dir='ltr'><strong>monasteria,</strong></span> <span class='ocrx_word' id='word_1_291' title='bbox 1355 3315 1671 3372; x_wconf 84' lang='lat' dir='ltr'><strong>maximam</strong></span> <span class='ocrx_word' id='word_1_292' title='bbox 1716 3315 1780 3372; x_wconf 91' lang='lat' dir='ltr'><strong>in</strong></span> <span class='ocrx_word' id='word_1_293' title='bbox 1827 3313 2071 3372; x_wconf 84' lang='lat' dir='ltr'><strong>ecclesia</strong></span> <span class='ocrx_word' id='word_1_294' title='bbox 2117 3311 2425 3372; x_wconf 79' lang='lat' dir='ltr'><strong>Gallorum</strong></span> <span class='ocrx_word' id='word_1_295' title='bbox 2470 3335 2601 3374; x_wconf 87' lang='lat' dir='ltr'><strong>con-</strong></span> 
     </span>
     <span class='ocr_line' id='line_1_35' title="bbox 360 3402 2600 3481; baseline 0.002 -22"><span class='ocrx_word' id='word_1_296' title='bbox 360 3408 604 3461; x_wconf 77' lang='lat' dir='ltr'><strong>secutus</strong></span> <span class='ocrx_word' id='word_1_297' title='bbox 660 3409 751 3462; x_wconf 86' lang='lat' dir='ltr'><strong>est</strong></span> <span class='ocrx_word' id='word_1_298' title='bbox 797 3403 1230 3462; x_wconf 84' lang='lat' dir='ltr'><strong>auctoritatem.</strong></span> <span class='ocrx_word' id='word_1_299' title='bbox 1319 3403 1456 3462; x_wconf 88' lang='lat' dir='ltr'><strong>Hoc</strong></span> <span class='ocrx_word' id='word_1_300' title='bbox 1511 3403 1708 3481; x_wconf 88' lang='lat' dir='ltr'><strong>ipsum</strong></span> <span class='ocrx_word' id='word_1_301' title='bbox 1762 3402 2143 3460; x_wconf 80' lang='lat' dir='ltr'><strong>manifestum·</strong></span> <span class='ocrx_word' id='word_1_302' title='bbox 2193 3409 2284 3460; x_wconf 88' lang='lat' dir='ltr'><strong>est</strong></span> <span class='ocrx_word' id='word_1_303' title='bbox 2338 3422 2411 3460; x_wconf 83' lang='lat' dir='ltr'><strong>ex</strong></span> <span class='ocrx_word' id='word_1_304' title='bbox 2468 3423 2600 3463; x_wconf 90' lang='lat' dir='ltr'><strong>con-</strong></span> 
     </span>
     <span class='ocr_line' id='line_1_36' title="bbox 370 3487 2601 3570; baseline 0.003 -26"><span class='ocrx_word' id='word_1_305' title='bbox 370 3487 579 3547; x_wconf 80' lang='lat' dir='ltr'><strong>fitendi</strong></span> <span class='ocrx_word' id='word_1_306' title='bbox 643 3492 874 3550; x_wconf 86' lang='lat' dir='ltr'><strong>ratione</strong></span> <span class='ocrx_word' id='word_1_307' title='bbox 942 3491 1158 3552; x_wconf 86' lang='lat' dir='ltr'><strong>sensim</strong></span> <span class='ocrx_word' id='word_1_308' title='bbox 1233 3491 1662 3570; x_wconf 83' lang='lat' dir='ltr'><strong>paullatimque</strong></span> <span class='ocrx_word' id='word_1_309' title='bbox 1732 3498 2108 3550; x_wconf 89' lang='lat' dir='ltr'><strong>commutata.</strong></span> <span class='ocrx_word' id='word_1_310' title='bbox 2224 3489 2601 3568; x_wconf 81' lang='lat' dir='ltr'><strong>Singulorum</strong></span> 
     </span>
     <span class='ocr_line' id='line_1_37' title="bbox 359 3576 2601 3659; baseline 0.003 -25"><span class='ocrx_word' id='word_1_311' title='bbox 359 3576 528 3634; x_wconf 83' lang='lat' dir='ltr'><strong>enim</strong></span> <span class='ocrx_word' id='word_1_312' title='bbox 580 3586 955 3654; x_wconf 89' lang='lat' dir='ltr'><strong>peccatorum</strong></span> <span class='ocrx_word' id='word_1_313' title='bbox 1012 3581 1297 3640; x_wconf 86' lang='lat' dir='ltr'><strong>confessio</strong></span> <span class='ocrx_word' id='word_1_314' title='bbox 1352 3586 1560 3659; x_wconf 87' lang='lat' dir='ltr'><strong>postea</strong></span> <span class='ocrx_word' id='word_1_315' title='bbox 1615 3580 1676 3637; x_wconf 89' lang='lat' dir='ltr'><strong>in</strong></span> <span class='ocrx_word' id='word_1_316' title='bbox 1732 3579 2043 3639; x_wconf 87' lang='lat' dir='ltr'><strong>universae</strong></span> <span class='ocrx_word' id='word_1_317' title='bbox 2099 3579 2377 3639; x_wconf 82' lang='lat' dir='ltr'><strong>ecclesiae</strong></span> <span class='ocrx_word' id='word_1_318' title='bbox 2430 3600 2601 3641; x_wconf 86' lang='lat' dir='ltr'><strong>usum</strong></span> 
     </span>
     <span class='ocr_line' id='line_1_38' title="bbox 367 3667 2601 3748; baseline 0.003 -25"><span class='ocrx_word' id='word_1_319' title='bbox 367 3672 626 3744; x_wconf 84' lang='lat' dir='ltr'><strong>recepta,</strong></span> <span class='ocrx_word' id='word_1_320' title='bbox 690 3667 1024 3745; x_wconf 84' lang='lat' dir='ltr'><strong>antiquitus</strong></span> <span class='ocrx_word' id='word_1_321' title='bbox 1065 3669 1129 3728; x_wconf 85' lang='lat' dir='ltr'><strong>in</strong></span> <span class='ocrx_word' id='word_1_322' title='bbox 1174 3669 1421 3729; x_wconf 83' lang='lat' dir='ltr'><strong>ecclesia</strong></span> <span class='ocrx_word' id='word_1_323' title='bbox 1464 3669 1644 3728; x_wconf 91' lang='lat' dir='ltr'><strong>moris</strong></span> <span class='ocrx_word' id='word_1_324' title='bbox 1689 3688 1807 3727; x_wconf 88' lang='lat' dir='ltr'><strong>non</strong></span> <span class='ocrx_word' id='word_1_325' title='bbox 1853 3675 2004 3740; x_wconf 80' lang='lat' dir='ltr'><strong>erat3</strong></span> <span class='ocrx_word' id='word_1_326' title='bbox 2073 3669 2356 3746; x_wconf 87' lang='lat' dir='ltr'><strong>neglectis</strong></span> <span class='ocrx_word' id='word_1_327' title='bbox 2402 3671 2601 3748; x_wconf 90' lang='lat' dir='ltr'><strong>potius</strong></span> 
     </span>
     <span class='ocr_line' id='line_1_39' title="bbox 369 3754 2600 3835; baseline 0.002 -23"><span class='ocrx_word' id='word_1_328' title='bbox 369 3754 696 3813; x_wconf 78' lang='lat' dir='ltr'><strong>levioribus</strong></span> <span class='ocrx_word' id='word_1_329' title='bbox 746 3757 1003 3834; x_wconf 85' lang='lat' dir='ltr'><strong>peccatis</strong></span> <span class='ocrx_word' id='word_1_330' title='bbox 1019 3802 1034 3831; x_wconf 90' lang='lat'><strong>,</strong></span> <span class='ocrx_word' id='word_1_331' title='bbox 1102 3759 1292 3818; x_wconf 87' lang='lat' dir='ltr'><strong>solum</strong></span> <span class='ocrx_word' id='word_1_332' title='bbox 1352 3778 1423 3817; x_wconf 88' lang='lat' dir='ltr'><strong>ea</strong></span> <span class='ocrx_word' id='word_1_333' title='bbox 1484 3758 1732 3817; x_wconf 86' lang='lat' dir='ltr'><strong>curabat</strong></span> <span class='ocrx_word' id='word_1_334' title='bbox 1792 3758 2061 3832; x_wconf 87' lang='lat' dir='ltr'><strong>ecclesia,</strong></span> <span class='ocrx_word' id='word_1_335' title='bbox 2117 3777 2268 3834; x_wconf 87' lang='lat' dir='ltr'><strong>quae</strong></span> <span class='ocrx_word' id='word_1_336' title='bbox 2330 3760 2600 3835; x_wconf 88' lang='lat' dir='ltr'><strong>publicae</strong></span> 
     </span>
     <span class='ocr_line' id='line_1_40' title="bbox 360 3842 2600 3907; baseline 0.002 -4"><span class='ocrx_word' id='word_1_337' title='bbox 360 3842 677 3905; x_wconf 78' lang='lat' dir='ltr'><strong>offensioni</strong></span> <span class='ocrx_word' id='word_1_338' title='bbox 722 3850 909 3904; x_wconf 88' lang='lat' dir='ltr'><strong>erant.</strong></span> <span class='ocrx_word' id='word_1_339' title='bbox 983 3844 1162 3906; x_wconf 86' lang='lat' dir='ltr'><strong>Alius</strong></span> <span class='ocrx_word' id='word_1_340' title='bbox 1208 3853 1338 3907; x_wconf 89' lang='lat' dir='ltr'><strong>erat</strong></span> <span class='ocrx_word' id='word_1_341' title='bbox 1383 3847 1664 3907; x_wconf 85' lang='lat' dir='ltr'><strong>ecclesiae</strong></span> <span class='ocrx_word' id='word_1_342' title='bbox 1710 3846 2020 3907; x_wconf 86' lang='lat' dir='ltr'><strong>Scotorum</strong></span> <span class='ocrx_word' id='word_1_343' title='bbox 2066 3866 2208 3905; x_wconf 89' lang='lat' dir='ltr'><strong>mos.</strong></span> <span class='ocrx_word' id='word_1_344' title='bbox 2299 3847 2399 3905; x_wconf 90' lang='lat' dir='ltr'><strong>Ibi</strong></span> <span class='ocrx_word' id='word_1_345' title='bbox 2444 3848 2600 3907; x_wconf 88' lang='lat' dir='ltr'><strong>enim</strong></span> 
     </span>
     <span class='ocr_line' id='line_1_41' title="bbox 367 3931 2601 4015; baseline 0.001 -23"><span class='ocrx_word' id='word_1_346' title='bbox 367 3949 494 3992; x_wconf 85' lang='lat' dir='ltr'><strong>mos</strong></span> <span class='ocrx_word' id='word_1_347' title='bbox 540 3931 862 3993; x_wconf 72' lang='lat' dir='ltr'><strong>confitendi</strong></span> <span class='ocrx_word' id='word_1_348' title='bbox 915 3934 1150 4012; x_wconf 85' lang='lat' dir='ltr'><strong>singula</strong></span> <span class='ocrx_word' id='word_1_349' title='bbox 1206 3942 1449 4014; x_wconf 86' lang='lat' dir='ltr'><strong>peccata</strong></span> <span class='ocrx_word' id='word_1_350' title='bbox 1510 3955 1629 3995; x_wconf 89' lang='lat' dir='ltr'><strong>non</strong></span> <span class='ocrx_word' id='word_1_351' title='bbox 1690 3937 1876 3996; x_wconf 86' lang='lat' dir='ltr'><strong>solum</strong></span> <span class='ocrx_word' id='word_1_352' title='bbox 1937 3936 2209 3995; x_wconf 60' lang='lat' dir='ltr'><strong>usitatus,</strong></span> <span class='ocrx_word' id='word_1_353' title='bbox 2252 3942 2382 3995; x_wconf 89' lang='lat' dir='ltr'><strong>erat</strong></span> <span class='ocrx_word' id='word_1_354' title='bbox 2439 3936 2601 4015; x_wconf 84' lang='lat' dir='ltr'><strong>apud</strong></span> 
     </span>
     <span class='ocr_line' id='line_1_42' title="bbox 365 4020 2599 4103; baseline 0.002 -24"><span class='ocrx_word' id='word_1_355' title='bbox 365 4022 683 4084; x_wconf 82' lang='lat' dir='ltr'><strong>monachos</strong></span> <span class='ocrx_word' id='word_1_356' title='bbox 729 4020 883 4099; x_wconf 85' lang='lat' dir='ltr'><strong>(Col.</strong></span> <span class='ocrx_word' id='word_1_357' title='bbox 927 4042 1049 4101; x_wconf 87' lang='lat' dir='ltr'><strong>reg.</strong></span> <span class='ocrx_word' id='word_1_358' title='bbox 1096 4043 1257 4083; x_wconf 89' lang='lat' dir='ltr'><strong>coen.</strong></span> <span class='ocrx_word' id='word_1_359' title='bbox 1305 4044 1352 4084; x_wconf 90' lang='lat' dir='ltr'><strong>c.</strong></span> <span class='ocrx_word' id='word_1_360' title='bbox 1406 4025 1460 4083; x_wconf 88' lang='lat'><strong>1.</strong></span> <span class='ocrx_word' id='word_1_361' title='bbox 1505 4024 1664 4084; x_wconf 87' lang='lat' dir='ltr'><strong>Bibl.</strong></span> <span class='ocrx_word' id='word_1_362' title='bbox 1712 4044 1864 4083; x_wconf 79' lang='grc'><strong>111011.</strong></span> <span class='ocrx_word' id='word_1_363' title='bbox 1904 4026 2000 4097; x_wconf 77' lang='lat'><strong>12,</strong></span> <span class='ocrx_word' id='word_1_364' title='bbox 2047 4046 2106 4103; x_wconf 89' lang='lat' dir='ltr'><strong>p.</strong></span> <span class='ocrx_word' id='word_1_365' title='bbox 2141 4026 2205 4101; x_wconf 89' lang='lat'><strong>6)</strong></span> <span class='ocrx_word' id='word_1_366' title='bbox 2251 4024 2355 4084; x_wconf 90' lang='lat' dir='ltr'><strong>sed</strong></span> <span class='ocrx_word' id='word_1_367' title='bbox 2400 4025 2599 4099; x_wconf 87' lang='lat' dir='ltr'><strong>etiam,</strong></span> 
     </span>
     <span class='ocr_line' id='line_1_43' title="bbox 359 4110 2600 4192; baseline 0.002 -24"><span class='ocrx_word' id='word_1_368' title='bbox 359 4114 438 4169; x_wconf 70' lang='lat' dir='ltr'><strong>⁴ut</strong></span> <span class='ocrx_word' id='word_1_369' title='bbox 481 4131 662 4192; x_wconf 89' lang='lat' dir='ltr'><strong>supra</strong></span> <span class='ocrx_word' id='word_1_370' title='bbox 706 4114 789 4191; x_wconf 90' lang='lat' dir='ltr'><strong>(p.</strong></span> <span class='ocrx_word' id='word_1_371' title='bbox 840 4110 948 4187; x_wconf 82' lang='lat'><strong>65)</strong></span> <span class='ocrx_word' id='word_1_372' title='bbox 1001 4114 1128 4188; x_wconf 86' lang='lat' dir='ltr'><strong>jam</strong></span> <span class='ocrx_word' id='word_1_373' title='bbox 1184 4112 1438 4173; x_wconf 87' lang='lat' dir='ltr'><strong>vidimus</strong></span> <span class='ocrx_word' id='word_1_374' title='bbox 1494 4118 1555 4171; x_wconf 90' lang='lat' dir='ltr'><strong>et</strong></span> <span class='ocrx_word' id='word_1_375' title='bbox 1601 4119 1669 4173; x_wconf 89' lang='lat' dir='ltr'><strong>ut</strong></span> <span class='ocrx_word' id='word_1_376' title='bbox 1714 4134 2065 4192; x_wconf 87' lang='lat' dir='ltr'><strong>cognoscere</strong></span> <span class='ocrx_word' id='word_1_377' title='bbox 2121 4114 2261 4173; x_wconf 87' lang='lat' dir='ltr'><strong>licet</strong></span> <span class='ocrx_word' id='word_1_378' title='bbox 2314 4134 2388 4172; x_wconf 83' lang='lat' dir='ltr'><strong>ex</strong></span> <span class='ocrx_word' id='word_1_379' title='bbox 2429 4115 2600 4173; x_wconf 88' lang='lat' dir='ltr'><strong>libris</strong></span> 
     </span>
     <span class='ocr_line' id='line_1_44' title="bbox 365 4199 2598 4278; baseline 0.001 -20"><span class='ocrx_word' id='word_1_380' title='bbox 365 4199 889 4278; x_wconf 86' lang='lat' dir='ltr'><strong>poenitentialibus</strong></span> <span class='ocrx_word' id='word_1_381' title='bbox 937 4199 1227 4261; x_wconf 88' lang='lat' dir='ltr'><strong>Vinniani</strong></span> <span class='ocrx_word' id='word_1_382' title='bbox 1271 4208 1333 4261; x_wconf 89' lang='lat' dir='ltr'><strong>et</strong></span> <span class='ocrx_word' id='word_1_383' title='bbox 1378 4200 1728 4275; x_wconf 91' lang='lat' dir='ltr'><strong>Columbae,</strong></span> <span class='ocrx_word' id='word_1_384' title='bbox 1789 4203 1852 4261; x_wconf 90' lang='lat' dir='ltr'><strong>in</strong></span> <span class='ocrx_word' id='word_1_385' title='bbox 1899 4203 2177 4263; x_wconf 88' lang='lat' dir='ltr'><strong>ecclesiae</strong></span> <span class='ocrx_word' id='word_1_386' title='bbox 2223 4222 2393 4261; x_wconf 89' lang='lat' dir='ltr'><strong>usum</strong></span> <span class='ocrx_word' id='word_1_387' title='bbox 2437 4209 2598 4263; x_wconf 89' lang='lat' dir='ltr'><strong>tran-</strong></span> 
     </span>
     <span class='ocr_line' id='line_1_45' title="bbox 363 4288 2598 4371; baseline 0.001 -25"><span class='ocrx_word' id='word_1_388' title='bbox 363 4289 564 4349; x_wconf 84' lang='lat' dir='ltr'><strong>sierat.</strong></span> <span class='ocrx_word' id='word_1_389' title='bbox 656 4289 775 4365; x_wconf 80' lang='lat' dir='ltr'><strong>Qui</strong></span> <span class='ocrx_word' id='word_1_390' title='bbox 827 4288 1141 4352; x_wconf 83' lang='lat' dir='ltr'><strong>Scotorum</strong></span> <span class='ocrx_word' id='word_1_391' title='bbox 1196 4310 1320 4351; x_wconf 90' lang='lat' dir='ltr'><strong>mos</strong></span> <span class='ocrx_word' id='word_1_392' title='bbox 1375 4290 1666 4367; x_wconf 87' lang='lat' dir='ltr'><strong>quomodo</strong></span> <span class='ocrx_word' id='word_1_393' title='bbox 1720 4291 1784 4351; x_wconf 89' lang='lat' dir='ltr'><strong>in</strong></span> <span class='ocrx_word' id='word_1_394' title='bbox 1836 4291 2109 4352; x_wconf 86' lang='lat' dir='ltr'><strong>universa</strong></span> <span class='ocrx_word' id='word_1_395' title='bbox 2165 4290 2410 4351; x_wconf 89' lang='lat' dir='ltr'><strong>ecclesia</strong></span> <span class='ocrx_word' id='word_1_396' title='bbox 2464 4311 2598 4371; x_wconf 90' lang='lat' dir='ltr'><strong>per-</strong></span> 
     </span>
     <span class='ocr_line' id='line_1_46' title="bbox 356 4378 2598 4460; baseline 0.004 -26"><span class='ocrx_word' id='word_1_397' title='bbox 356 4378 693 4452; x_wconf 88' lang='lat' dir='ltr'><strong>crebuerit,</strong></span> <span class='ocrx_word' id='word_1_398' title='bbox 754 4379 1174 4456; x_wconf 88' lang='lat' dir='ltr'><strong>quaerentibus</strong></span> <span class='ocrx_word' id='word_1_399' title='bbox 1234 4400 1354 4440; x_wconf 90' lang='lat' dir='ltr'><strong>non</strong></span> <span class='ocrx_word' id='word_1_400' title='bbox 1399 4379 1609 4440; x_wconf 90' lang='lat' dir='ltr'><strong>dubito</strong></span> <span class='ocrx_word' id='word_1_401' title='bbox 1656 4400 1789 4440; x_wconf 91' lang='lat' dir='ltr'><strong>cum</strong></span> <span class='ocrx_word' id='word_1_402' title='bbox 1831 4380 2163 4460; x_wconf 84' lang='lat' dir='ltr'><strong>Loeningio</strong></span> <span class='ocrx_word' id='word_1_403' title='bbox 2224 4381 2598 4459; x_wconf 82' lang='lat' dir='ltr'><strong>respondere,</strong></span> 
     </span>
    </p>
   </div>
   <div class='ocr_carea' id='block_1_3' title="bbox 2135 4482 2171 4538">
    <p class='ocr_par' dir='ltr' id='par_1_4' title="bbox 2135 4482 2171 4538">
     <span class='ocr_line' id='line_1_47' title="bbox 2135 4482 2171 4538; baseline 0 0"><span class='ocrx_word' id='word_1_404' title='bbox 2135 4482 2171 4538; x_wconf 87' lang='lat'>8</span> 
     </span>
    </p>
   </div>
  </div>
 </body>
</html>
