3134 5034
1506 223 1945 287 *ΒΞ-Ι

607 404 807 477 libros,
855 423 1003 481 quos
1048 405 1436 465 libentissime
1481 407 1753 483 legissem
1787 405 2059 484 inprimis
2083 405 2302 464 Toddii
2333 407 2406 465 de
2439 406 2564 466 vita
2596 404 2908 466 Patrioii

608 495 825 552 librum
887 495 985 571 (cf.
1031 514 1212 572 supra
1257 516 1316 573 p.
1365 495 1431 571 4)
1494 495 1746 574 adipisci
1798 495 2120 572 potuerim,
2181 496 2369 554 audeo
2425 516 2719 573 sperare,
2800 517 2905 555 me

606 603 778 661 posse
823 585 900 642 ab
949 584 1247 642 erroribus
1294 582 1438 641 mihi
1486 605 1708 658 cavere,
1757 591 1819 644 et
1863 585 1989 643 fore
2018 591 2090 642 ut
2121 585 2299 643 etiam
2332 584 2405 642 iis
2435 585 2652 662 paucis
2693 586 2906 663 plane

607 672 982 745 satisfaciam,
1030 672 1134 747 qui
1180 692 1286 730 sua
1332 671 1596 749 ipsorum
1642 693 1823 751 opera
1855 694 1977 731 rem
2009 672 2277 733 funditus
2307 679 2900 751 pertractaverunt.

605 761 969 832 Dummodo,
1025 779 1177 836 quae
1222 761 1596 839 potissimum
1643 762 1786 820 mihi
1833 762 2115 821 videntur
2161 782 2284 821 esse
2332 763 2759 836 observanda,
2819 783 2901 820 ne

607 849 845 908 omnino
893 869 1047 907 vana
1092 849 1227 922 sint,
1275 849 1591 909 dummodo
1639 849 1996 910 satisfaciam
2028 851 2335 928 proposito
2368 871 2517 924 mec,
2563 858 2658 925 ut,
2721 873 2898 928 quae

605 938 788 997 fuerit
833 938 1113 997 ecclesiae
1161 938 1794 999 Hiberno-Scotorum
1841 946 2073 1012 natura,
2121 940 2490 1017 investigem.

785 1026 1029 1087 Omissis
1077 1026 1264 1104 igitur
1308 1028 1601 1104 omnibns,
1647 1048 1799 1104 quae
1845 1028 1995 1087 scire
2043 1035 2243 1089 nostra
2289 1029 2384 1087 hic
2430 1050 2547 1088 non
2579 1029 2891 1102 interest,

606 1115 668 1173 id
713 1117 898 1174 solum
941 1136 1310 1192 quaeramus,
1356 1123 1557 1175 utrum
1593 1138 1721 1176 cum
1754 1116 2033 1194 pontifice
2065 1117 2336 1176 Romano
2367 1117 2633 1177 Patricio
2677 1117 2893 1176 fuerit

606 1206 1000 1279 necessitudo,
1056 1225 1258 1264 necne.
1349 1205 1542 1278 Quam
1589 1227 1712 1265 rem
1757 1212 1827 1265 ut
1872 1206 2199 1281 dijudicare
2246 1207 2563 1284 possimus,
2609 1207 2888 1285 profici-

605 1300 834 1354 scentes
881 1315 917 1352 a
961 1294 1356 1371 posteriorum
1403 1301 1735 1373 temporum
1781 1295 2140 1355 testimoniis
2170 1296 2246 1353 ad
2278 1295 2607 1355 vetustiora
2651 1316 2886 1355 ascen·

604 1382 827 1441 damus.
903 1382 1118 1459 Itaque
1165 1383 1423 1462 primum
1471 1385 1543 1442 de
1591 1385 1732 1444 vitis
1762 1384 2014 1444 Patricii
2062 1384 2373 1442 dicendum
2417 1391 2522 1442 est.
2603 1384 2712 1442 Ex
2750 1406 2885 1443 om-

604 1471 804 1544 nibus,
865 1478 1158 1549 quotquot
1210 1493 1471 1549 unquam
1527 1475 1769 1532 fuerunt
1813 1509 1898 1517 -
1946 1474 2256 1549 sexaginta
2316 1493 2419 1531 sex
2478 1473 2551 1531 de
2597 1473 2881 1532 Patricii

603 1560 789 1636 gestis
846 1560 1080 1619 libellos
1140 1562 1462 1635 exstitisse,
1526 1568 1847 1639 antequam
1893 1562 2224 1622 Normanni
2268 1561 2628 1620 Hiberniam
2699 1564 2879 1620 ferro

602 1648 847 1724 ignique
893 1649 1291 1724 devastarent,
1339 1651 1608 1729 prodidit
1637 1651 1683 1710 J
1684 1651 1942 1709 ocelinus
1988 1650 2095 1709 vit.
2127 1650 2292 1709 Patr.
2342 1671 2389 1708 c.
2430 1651 2508 1708 18
2557 1671 2669 1710 nro
2736 1650 2873 1709 163

605 1735 771 1812 (Act.
819 1737 924 1798 SS.
971 1738 1124 1796 Boll.
1171 1740 1346 1800 Mart.
1401 1742 1478 1798 17
1528 1761 1586 1816 p.
1638 1736 1792 1814 578)
1841 1774 1923 1784 —-
1969 1739 2083 1796 hae
2129 1745 2392 1798 exstant:

655 1828 705 1884 1.
741 1827 908 1901 Quae
953 1827 1016 1886 in
1060 1827 1213 1886 libro
1247 1828 1667 1888 Ardmachano
1715 1833 1954 1888 exstant
1997 1828 2157 1887 vitae
2205 1828 2463 1886 omnium
2506 1828 2873 1904 antiquissi-

736 1938 891 1990 mae,
951 1937 1088 1974 nam
1147 1918 1299 1977 liber
1344 1917 1799 1977 Ardmachanus
1856 1916 2413 1994 (Trinity·College
2460 1917 2716 1978 Dublin.
2773 1917 2871 1976 ed.

737 2005 836 2065 Sir
867 2006 962 2065 W.
995 2006 1267 2081 Betham,
1299 2008 1459 2067 Irish
1491 2007 1872 2084 antiquarian
1905 2006 2241 2066 researches
2272 2005 2360 2065 II.
2413 2006 2625 2081 1827),
2674 2027 2868 2082 quem

739 2093 1066 2154 Schoellius
1114 2097 1275 2171 (diss.
1322 2119 1381 2175 p.
1418 2099 1525 2172 63)
1572 2096 1830 2174 putabat
1873 2093 2205 2155 inchoatum
2249 2115 2366 2154 esse
2404 2092 2510 2154 sub
2538 2089 2609 2153 X
2633 2091 2871 2155 saeculi

715 2181 925 2264 finem,
978 2180 1129 2242 XII
1169 2193 1362 2244 autem
1385 2184 1650 2268 finitum,
1699 2206 1851 2243 auno
1900 2184 2137 2243 circiter
2182 2186 2309 2243 807
2362 2190 2672 2244 exaratum
2726 2203 2863 2245 esse

739 2291 895 2329 nunc
926 2272 1167 2331 tandem
1199 2275 1359 2333 docti
1391 2274 1507 2333 viri
1538 2274 1917 2333 consentiunt
1949 2274 2044 2349 (cf.
2072 2271 2266 2332 Skene
2290 2273 2374 2346 H,
2405 2295 2461 2350 p.
2496 2274 2575 2331 14
2600 2279 2662 2332 et
2690 2274 2860 2345 4233

738 2360 993 2419 Warren
1040 2383 1097 2440 p.
1145 2361 1322 2422 XIV.
1399 2363 1480 2421 H.
1529 2361 1647 2420 and
1695 2361 1784 2422 St.
1830 2361 1917 2435 II,
1968 2363 2004 2418 2
2052 2383 2110 2439 p.
2159 2364 2284 2421 296
2334 2365 2485 2438 not).

651 2451 708 2507 2.
741 2449 888 2508 Vita
934 2451 1228 2509 attributa
1258 2451 1459 2511 Marco
1509 2452 1901 2510 anachoretae
1947 2471 2095 2510 saec.
2141 2450 2259 2524 IX,
2307 2451 2514 2511 addita
2558 2451 2857 2509 historiae

684 2586 693 2593 .
735 2538 1074 2612 Britonum,
1116 2559 1268 2615 quae
1298 2561 1611 2617 perperam
1642 2541 1879 2612 dicitur,
1911 2539 2133 2599 Nennii
2166 2540 2254 2599 ed.
2287 2539 2618 2599 Stevenson
2656 2539 2857 2609 1838,

734 2628 770 2704 ξ
821 2625 1080 2685 50--55
1130 2629 1229 2704 (cf.
1276 2627 1473 2688 Skene
1518 2628 1607 2703 ΙΙ,
1653 2652 1711 2708 p.
1759 2629 1932 2705 433).

784 2716 953 2774 3-9
1004 2717 1164 2776 vitae
1220 2717 1385 2791 illae,
1445 2739 1592 2795 quas
1638 2718 1865 2798 primus
1920 2715 2111 2778 edidit
2157 2716 2457 2794 Oolganus
2503 2715 2691 2793 (Acta
2739 2715 2851 2775 SS.

602 2804 933 2864 Hiberniae
957 2807 1072 2866 vol.
1095 2806 1147 2881 Ι,
1182 2807 1355 2867 Trias
1383 2807 1830 2885 Thaumaturga
1860 2806 2027 2865 1645
2049 2806 2093 2880 1,
2124 2808 2324 2883 vulg0,
2357 2806 2496 2882 quia
2526 2806 2850 2865 maximam

601 2893 664 2950 in
725 2902 958 2973 partem
1019 2897 1145 2955 sine
1207 2897 1543 2957 nominibus
1600 2898 1860 2975 scriptae
1907 2901 2067 2969 sunt,
2131 2895 2470 2955 nominatae
2517 2915 2590 2952 ex
2635 2895 2850 2965 ordine

601 2982 719 3055 illo,
767 3004 884 3059 quo
932 2983 1231 3061 Colganus
1280 3006 1378 3045 eas
1426 2986 1682 3044 edendas
1730 2985 1986 3044 curavit:

651 3071 705 3127 3.
741 3071 886 3129 Vita
917 3070 1081 3148 Colg.
1116 3073 1174 3130 I:
1220 3074 1511 3149 Hymnus,
1560 3074 1662 3150 qui
1709 3074 1928 3131 dicitur
1959 3072 2125 3131 Fieci
2157 3074 2341 3150 (apud
2372 3073 2451 3130 H.
2485 3072 2602 3130 and
2635 3071 2724 3151 St.
2757 3069 2846 3142 Π,

739 3160 775 3215 2
824 3180 881 3236 p.
928 3159 1052 3217 356
1103 3181 1229 3238 sqq.
1278 3166 1338 3219 et
1366 3162 1695 3220 Hibernico
1743 3182 2008 3220 sermone
2057 3167 2118 3220 et
2171 3181 2486 3220 conversus
2532 3161 2596 3217 in
2626 3154 2842 3237 Angli-

736 3268 945 3306 canum
991 3250 1410 3327 transscriptus
1444 3272 1515 3309 ex
1555 3250 1789 3326 Stokes,
1836 3250 2160 3309 Goidelica.
2213 3248 2381 3310 1874
2430 3272 2485 3328 p.
2527 3250 2649 3306 129
2683 3267 2842 3325 sqq,;

733 3338 963 3396 hibern.
1010 3340 1169 3416 apud
1200 3339 1526 3413 Windisch,
1577 3340 1802 3400 Irische
1836 3341 2040 3399 Texte.
2093 3340 2260 3397 1880
2309 3360 2365 3417 p.
2406 3340 2483 3396 10
2518 3339 2673 3414 sqq.)
2707 3356 2839 3395 cum

736 3427 968 3485 scholiis
1023 3428 1233 3487 veteris
1282 3430 1586 3506 cujusdam
1634 3429 2012 3509 explicatoris
2059 3430 2233 3505 (saec.
2281 3428 2380 3485 XI
2427 3434 2496 3485 ut
2546 3427 2839 3504 putatur).

733 3515 826 3573 De
873 3516 983 3573 hoc
1030 3519 1287 3578 carmine
1333 3519 1488 3577 infra
1535 3520 1725 3596 plura.

647 3603 705 3660 4.
737 3603 884 3662 Vita
930 3603 1098 3683 Oolg.
1143 3606 1213 3664 ΙΙ
1312 3615 1563 3684 utraque
1626 3607 1784 3665 intra
1831 3626 2048 3664 annum
2096 3607 2221 3663 807
2273 3612 2334 3664 et
2381 3604 2617 3663 circiter
2669 3602 2837 3661 1000

649 3691 705 3749 5.
737 3691 884 3752 Vita
931 3692 1096 3772 Oolg.
1142 3607 1647 3774 IV}conscripta
1693 3694 1917 3773 (Skene
1962 3693 2047 3766 ΙΙ,
2095 3715 2152 3771 p.
2201 3695 2372 3771 449).

747 3976 766 4006 ²
806 3975 987 4043 Quem
1023 3974 1247 4039 librum,
1289 3992 1416 4029 cum
1453 3975 1637 4042 ipsum
1674 3974 1914 4043 adipisci
1950 3991 2061 4028 non
2097 3975 2380 4042 potuerim
2407 4005 2475 4014 -—-
2504 3974 2664 4028 deest
2690 3974 2836 4027 enim

602 4047 772 4101 ctiam
821 4048 882 4100 in
931 4046 1284 4100 bibliotheca
1334 4046 1492 4115 regia
1530 4046 1889 4099 Berolinensi
1915 4075 1993 4101 ,--
2036 4046 2224 4099 omnia
2275 4063 2417 4113 quae
2465 4045 2535 4100 de
2583 4046 2656 4098 iis
2689 4045 2835 4104 vitis,

601 4136 742 4186 quae
783 4119 934 4186 apud
973 4117 1152 4172 solum
1177 4116 1490 4186 Colganum
1530 4121 1771 4180 exstant,
1812 4117 1958 4170 scitu
1997 4134 2134 4185 opus
2162 4120 2339 4181 erant,
2380 4121 2653 4183 quantum
2679 4114 2837 4184 potui

601 4208 668 4242 ex
706 4206 899 4243 eorum
936 4189 1123 4253 libris,
1179 4186 1276 4256 qui
1313 4188 1439 4254 ipso
1481 4187 1733 4257 Colgano
1772 4188 1857 4241 usi
1896 4192 2052 4252 sunt,
2106 4188 2339 4240 contuli.
2417 4186 2533 4240 Sed
2571 4206 2723 4251 cum,
2776 4191 2837 4238 ut

599 4260 722 4326 ipse
760 4261 944 4311 lector
982 4259 1216 4322 videbit,
1260 4275 1451 4311 earum
1490 4261 1739 4312 vitarnm
1776 4260 2084 4312 auctoritas
2123 4275 2302 4325 paene
2342 4258 2501 4310 nulla
2538 4257 2629 4323 sit,
2671 4273 2833 4326 spero

598 4330 736 4394 fore,
779 4333 841 4384 ut
877 4328 983 4380 hoc
1023 4329 1160 4380 mihi
1198 4329 1338 4382 vitio
1377 4347 1488 4381 non
1529 4333 1799 4383 vertatur.
