3134 5034
1359 346 1842 404 -116—

484 526 646 597 dass,
710 544 891 602 supra
942 526 1068 600 jam
1115 523 1387 582 diximus.
1478 524 1555 582 In
1613 523 1726 582 hoc
1786 522 2072 581 simillimi
2132 527 2328 594 erant,
2391 521 2494 581 sed
2544 521 2726 580 varia

482 615 716 675 ratione
783 619 1034 689 uterque
1098 611 1473 691 disciplinam
1543 612 1854 671 emendare
1924 610 2156 670 studuit
2223 612 2324 687 (cf.
2392 610 2725 687 Harttung,

482 725 542 783 p.
603 705 683 762 27
746 708 868 762 not.
928 704 1011 778 2).
1101 702 1257 762 Nam
1319 701 1610 761 Columba
1671 708 1737 761 et
1794 699 1937 760 socii
1997 702 2152 776 ejus,
2224 700 2447 779 quippe
2509 699 2728 776 quibus

484 813 686 851 amara
732 791 913 851 fuerit
955 790 1102 850 haec
1130 790 1260 850 vita
1291 792 1387 866 (cf.
1421 809 1600 868 supra
1630 811 1688 868 p.
1728 791 1848 849 105
1892 797 1952 849 et
1991 790 2158 866 113),
2193 789 2471 849 ecclesiae
2503 793 2725 848 statum

485 881 779 958 corrigere
850 886 911 939 et
979 880 1291 939 emendare
1359 879 1682 939 studebant
1699 925 1713 952 ,
1777 899 1909 937 cum
1971 878 2047 938 ad
2109 878 2568 962 contemnendas
2629 897 2729 935 res

484 972 770 1030 humanas
814 968 1082 1028 homines
1127 968 1514 1041 invitabant,‘
1542 968 1860 1029 monachos
1906 968 2317 1041 tonsurabant,
2364 966 2727 1025 monasteria

487 1059 927 1131 construebant,
973 1078 1110 1131 non,
1155 1066 1226 1117 ut
1272 1058 1556 1136 populum
1588 1058 1649 1116 in
1681 1058 1754 1118 iis
1785 1057 2108 1130 erudirent,
2155 1057 2260 1115 sed
2288 1064 2358 1116 ut
2389 1055 2727 1134 perfugium

485 1148 843 1227 praeberent
903 1147 978 1206 iis
995 1191 1009 1220 ,
1080 1148 1184 1225 qui
1255 1168 1328 1206 ex
1387 1146 1695 1225 pestilenti
1758 1147 1934 1223 hujus
2004 1146 2210 1205 mundi
2257 1152 2392 1204 aere
2453 1144 2735 1204 secedere

487 1237 827 1315 cupiebant.
891 1234 1231 1296 Bonifatius
1277 1242 1477 1295 autem
1522 1257 1655 1295 cum
1701 1235 2019 1295 monachus
2066 1241 2196 1294 erat
2241 1242 2368 1294 tum
2415 1234 2728 1313 episcopus

485 1333 549 1386 et
577 1325 1071 1404 archiepiscopus.
1134 1326 1343 1401 anue
1389 1324 1462 1384 de
1510 1345 1689 1384 causa
1732 1326 1962 1384 duabus
2006 1326 2205 1397 rebus,
2251 1331 2312 1386 et
2357 1321 2728 1383 instituenda

484 1415 611 1476 vita
658 1413 1003 1474 monachica
1047 1435 1117 1473 ac
1164 1414 1401 1491 quidem
1456 1414 1780 1490 secundum
1832 1414 2098 1491 regulam
2145 1412 2258 1473 Sti.
2303 1412 2620 1472 Benedicti
2666 1417 2728 1471 et

409 1539 426 1560 ι
484 1504 847 1564 hierarchice
895 1508 1059 1562 statu
1105 1505 1254 1562 bene
1301 1503 1705 1583 componendo
1752 1502 2055 1563 ecclesiam
2087 1501 2387 1578 corrigere
2425 1508 2488 1561 et
2534 1521 2726 1561 emen-

486 1593 628 1652 dare
675 1592 929 1664 studuit;
977 1597 1039 1650 et
1081 1592 1208 1670 ipse
1254 1593 1614 1652 monasteria
1645 1592 2026 1663 constituens,
2070 1590 2388 1650 seminaria
2435 1589 2733 1650 educandi

484 1681 718 1761 populi,
781 1681 884 1740 sed
940 1680 1097 1739 idem
1160 1681 1469 1760 episcopos
1530 1702 1878 1743 consecrans
1925 1687 1987 1740 et
2032 1681 2094 1739 in
2141 1679 2453 1759 parochias
2502 1679 2726 1757 epmco·

484 1770 650 1849 pales
693 1770 979 1847 populum
1026 1770 1406 1829 distribuens.
1498 1770 1718 1848 Itaque
1777 1791 1910 1829 cum
1968 1776 2030 1829 et
2087 1769 2387 1828 monachis
2444 1775 2505 1828 et
2559 1768 2727 1827 laicis

490 1879 693 1920 curam
740 1859 1069 1932 adhiberet,
1117 1880 1236 1918 non
1283 1860 1472 1918 solum
1503 1860 1662 1919 vitae
1709 1858 2101 1931 monachicae,
2149 1858 2253 1917 sed
2297 1858 2580 1917 ecclesiae
2628 1877 2725 1915 ex·

486 1948 646 2009 stitit
692 1954 1006 2009 corrector.
1124 1962 1129 1966 '

666 2035 932 2109 Quarum
978 2036 1278 2096 rationum
1323 2042 1461 2095 utra
1506 2036 1717 2095 melior
1761 2035 1941 2096 fuerit
1957 2081 1971 2108 ,
2020 2036 2214 2095 exitus
2261 2035 2480 2095 docuit.
2571 2035 2726 2095 Nam

486 2124 657 2186 brevi
701 2132 967 2202 tempore
1013 2126 1237 2185 factum
1283 2132 1400 2199 est,
1461 2131 1530 2184 ut
1577 2125 1766 2199 Secti,
1815 2125 1920 2204 qui
1965 2124 2288 2184 Columbae
2335 2124 2591 2203 vestigia
2635 2144 2722 2184 se-

489 2220 737 2294 quentes
796 2214 859 2272 in
921 2214 1322 2275 continentem
1379 2215 1728 2287 veniebant,
1789 2215 1980 2273 bonae
2041 2213 2322 2273 ecclesiae
2384 2213 2724 2291 disciplinae

488 2323 609 2362 non
652 2303 916 2379 paullum
961 2303 1213 2380 periculi
1259 2302 1527 2376 afferent,
1574 2303 1752 2379 idque
1800 2323 1872 2362 ea
1916 2303 2046 2381 ipsa
2092 2302 2167 2360 de
2213 2322 2408 2375 causa,
2455 2301 2609 2380 quod
2651 2308 2721 2360 ut

486 2391 789 2469 peregrini
833 2391 956 2450 sive
1004 2391 1068 2449 in
1112 2391 1374 2451 desertis
1408 2392 1680 2451 sedentes
1726 2391 1852 2452 sive
1881 2398 2105 2452 terram
2149 2397 2537 2470 peragrantes
2581 2389 2727 2466 legi·

489 2481 652 2540 timis
701 2480 1149 2544 necessitudinis
1195 2481 1447 2541 vinculis
1510 2501 1644 2540 cum
1703 2481 1947 2541 ecclesia
2007 2480 2309 2556 conjuncti
2361 2499 2482 2539 non
2537 2484 2730 2551 erant,

489 2569 872 2629 nihilominus
918 2574 1117 2628 autem
1162 2569 1492 2629 ministeria
1548 2570 1945 2629 ecclesiastica
2001 2589 2421 2648 nonnunquam
2476 2567 2729 2627 admini-

488 2657 779 2718 strabant.

668 2746 848 2805 Multi
907 2745 1064 2804 enim
1124 2747 1345 2805 saeculi
1390 2747 1556 2807 VIII
1604 2754 1665 2806 et
1706 2747 1809 2806 IX
1869 2747 2237 2824 temporibus
2298 2748 2363 2806 in
2407 2745 2611 2814 Gallia
2670 2752 2734 2807 et

491 2834 813 2894 Germania
859 2841 1180 2895 occurrunt
1208 2834 1375 2896 Scoti
1405 2837 1874 2914 peregrinantes,
1914 2836 2020 2912 qui
2050 2836 2461 2915 episcoporum
2491 2835 2730 2894 nomine

488 2924 962 3003 appellabantur.
1023 2925 1307 2999 Quorum,
1351 2925 1624 3001 quamvis
1670 2925 1847 2984 liceat
1888 2931 2103 3003 putare
2148 2926 2465 2985 nonnullos
2505 2924 2729 3003 episco-

488 3014 686 3089 palem
730 3012 1086 3089 dignitatem
1130 3020 1370 3091 praeter
1408 3017 1507 3089 jus
1537 3034 1871 3091 usurpasse,
1918 3019 2119 3074 tamen
2165 3016 2449 3089 majorem
2494 3019 2730 3090 partem

489 3122 554 3159 re
614 3121 757 3159 vera
817 3101 1124 3178 episcopos
1184 3102 1366 3160 fuisse
1426 3102 1719 3162 existimo.
1822 3103 1977 3164 Nam
2037 3122 2224 3180 supra
2284 3105 2369 3180 (p.
2438 3103 2549 3179 64)
2603 3106 2729 3178 jam

489 3188 748 3248 vidimus
791 3209 1234 3266 nonnumquam
1280 3191 1436 3267 apud
1480 3190 1689 3250 Scotos
1732 3192 2154 3269 peregrinandi
2198 3211 2375 3250 causa
2418 3191 2729 3269 episcopos

490 3299 526 3336 a
572 3277 827 3355 negotiis
873 3279 1306 3356 episcopalibus
1352 3299 1478 3338 sese
1524 3280 1863 3338 removisse.

671 3366 789 3441 Qui
835 3368 1098 3446 episcopi
1159 3368 1211 3427 si
1255 3367 1318 3424 in
1366 3367 1568 3426 Gallia
1626 3368 2061 3446 episcopalibus
2123 3368 2361 3428 sedibus
2422 3368 2731 3446 praesules

491 3455 638 3515 facti
683 3462 895 3529 essent,
942 3456 1373 3517 ecclesiasticae
1419 3455 1767 3535 disciplinae
1811 3456 1896 3515 nil
1941 3457 2142 3516 damni
2173 3458 2530 3517 attulissent.
2609 3456 2731 3516 Sed

493 3544 805 3623 quominus
850 3545 962 3604 hoc
1005 3545 1204 3618 fieret,
1250 3567 1320 3604 ea
1373 3545 1507 3624 ipsa
1557 3566 1655 3604 res
1694 3545 2033 3623 impedivit,
2095 3546 2253 3623 quod
2310 3544 2732 3626 peregrinandi

493 3651 686 3704 causa,
717 3637 786 3690 ut
815 3633 1161 3693 recederent
1191 3655 1222 3692 e
1252 3634 1489 3705 mundo,
1520 3635 1779 3712 patriam
1801 3634 2195 3711 reliquerant3
2226 3633 2419 3711 neque
2443 3634 2733 3711 exemplis

492 3719 686 3779 adhuc
733 3722 1180 3797 comprobatum
1227 3730 1319 3781 est
1372 3742 1635 3798 unquam
1689 3723 1838 3781 illud
1885 3744 2010 3783 esse
2054 3726 2294 3782 factum.
2356 3724 2511 3783 Nam
2539 3723 2729 3782 Hart-

492 3809 737 3886 tungius
782 3829 914 3868 cum
960 3811 1176 3869 multos
1231 3811 1294 3869 in
1340 3811 1541 3871 Gallia
1586 3812 1952 3889 parochiales
2004 3812 2312 3891 episcopos
2368 3812 2441 3871 de
2488 3811 2727 3871 natione

494 3896 807 3957 Scotorum
853 3897 1036 3957 fuisse
1082 3898 1340 3958 affirmat
1385 3902 1465 3977 (p.
1513 3901 1595 3957 32
1645 3905 1795 3978 not.)
1840 3901 1956 3960 alio
2004 3909 2247 3960 auctore
2293 3901 2409 3960 nisi
2454 3900 2725 3960 Ebrardo

493 4007 613 4045 non
673 3987 891 4059 utitur,
954 3987 1057 4046 sed
1112 3987 1213 4045 ille
1277 4009 1344 4047 eo
1404 3990 1558 4061 1000,
1623 3989 1700 4047 ad
1759 4010 1933 4065 quem
1978 3990 2382 4068 Harttungius
2442 3994 2730 4067 provocat

494 4077 606 4150 (==
655 4075 875 4134 Irosch.
921 4075 1426 4151 Missionskirche,
1491 4099 1549 4156 p.
1605 4079 1731 4140 175
1787 4080 1898 4154 sq.)
1960 4077 2214 4139 Culdeos
2275 4080 2402 4142 vult
2462 4077 2729 4155 intellegi

495 4184 620 4236 eos,
687 4164 789 4240 qui
850 4164 975 4224 sive
1023 4164 1185 4223 Galli
1246 4165 1370 4224 sive
1429 4165 1597 4225 Scoti
1667 4173 1838 4225 erant
1898 4166 2256 4226 Culdeorum
2324 4168 2603 4227 ecclesiae
2665 4167 2728 4224 in

494 4253 778 4311 societate
837 4259 1008 4312 erant
1057 4255 1152 4329 (cf.
1199 4253 1465 4328 Ebrard,
1522 4275 1581 4331 p.
1637 4256 1743 4326 18,
1789 4259 1909 4316 not.
1964 4256 2042 4313 18
2091 4261 2152 4314 et
2196 4277 2253 4333 p.
2304 4256 2477 4332 285),
2539 4273 2726 4332 neque

494 4341 621 4417 ipse
668 4361 892 4413 omnes,
957 4362 1105 4419 quos
1165 4343 1460 4417 nominat,
1522 4343 1764 4402 natione
1812 4343 2020 4403 Gallos
2073 4345 2252 4404 fuisse
2314 4342 2535 4403 infitias
2594 4344 2727 4402 iret.

489 4429 924 4489 Mummolenus
971 4451 1224 4507 quoque,
1256 4432 1666 4493 Noviomensis
1711 4432 1782 4508 (†
1816 4433 1988 4509 664),
2034 4453 2207 4509 quem
2239 4430 2459 4515 on'yine
2489 4429 2732 4493 Scotum
