3134 5034
1487 278 1748 334 ...86
1846 312 1930 322 .-

588 457 925 535 Anglorum
970 455 1294 534 provinciis
1338 460 1805 532 consequeretur
1849 453 2269 513 auctoritatem
2280 496 2296 526 ,
2351 458 2422 512 ut
2467 450 2692 511 habitis
2736 471 2833 528 sy-

585 546 773 619 nodis,
821 545 1027 605 divisis
1071 543 1371 623 parochiis
1417 548 1480 602 et
1524 543 1864 604 constitutis
1895 542 2167 621 pluribus
2198 542 2633 621 episcopalibus
2680 539 2833 600 sedi-

481 685 502 704 ,
585 637 701 696 bus
747 634 836 694 ita
881 634 1188 693 ordinaret
1233 631 1512 693 ecclesiae
1559 638 1802 704 statum,
1846 636 1916 690 ut
1960 652 2098 690 mox
2142 631 2206 690 in
2252 651 2434 689 unum
2482 649 2697 708 corpus
2741 649 2831 687 re-

585 726 761 783 dacta
808 742 932 782 esse
959 722 1285 782 videretur.
1344 720 1431 780 Et
1474 726 1711 781 tantum
1756 721 1985 794 aberat,
2028 725 2116 794 ut,
2163 740 2316 797 quae
2361 720 2447 780 sic
2491 720 2652 778 facta
2685 725 2832 792 erat,

585 811 901 873 concordia
932 810 1230 870 amicitiae
1260 809 1621 869 lentitudine
1660 816 1722 870 et
1766 809 1990 887 frigore
2034 809 2313 868 turbatae
2358 808 2616 887 speciem
2660 825 2839 885 prae-·

583 902 781 972 beret,
844 905 913 959 ut
966 898 1107 959 novi
1163 899 1254 958 illi
1298 899 1708 958 Romanorum
1768 897 1944 957 amici
1997 898 2191 957 crebri
2235 896 2490 974 ingressi
2545 896 2709 956 viam
2754 895 2832 954 ad

582 989 645 1047 id
669 996 906 1067 tempus
939 986 1266 1048 inaum'tam
1294 985 1454 1068 9οηιί
1474 983 1811 1067 Anqlorum
1833 985 2064 1064 (Steph.
2094 985 2327 1045 Eddius
2349 986 2456 1046 vit.
2481 985 2684 1044 Wilfr.
2707 984 2832 1058 ΠΙ,

584 1078 740 1137 Mab.
771 1077 885 1150 IV,
939 1078 993 1135 1.
1038 1098 1096 1155 p.
1133 1080 1288 1154 677)
1335 1076 1527 1155 ipsam
1573 1076 1829 1136 Romam
1876 1076 2109 1154 saepius
2155 1074 2409 1134 adirent.
2468 1074 2612 1152 Ipse
2645 1074 2832 1134 Osviu

583 1186 689 1225 rex
733 1167 901 1225 nulla
945 1186 1013 1224 re
1060 1165 1176 1225 nisi
1222 1171 1414 1224 morte
1459 1165 1784 1243 impeditus
1832 1169 1940 1237 est,
1987 1163 2303 1241 quominus
2348 1163 2604 1222 Romam
2651 1163 2831 1241 profi·

585 1255 904 1315 cisceretur
948 1254 1143 1330 (Beda
1187 1255 1243 1311 h.
1292 1274 1341 1312 e.
1391 1254 1450 1326 4,
1510 1253 1568 1327 5,
1625 1255 1662 1331 ξ
1711 1255 1883 1330 267),
1946 1251 2270 1312 Caedvalla
2328 1258 2555 1325 autem,
2619 1251 2831 1310 Orien-

581 1344 793 1404 talium
839 1343 1141 1403 Saxonum
1186 1363 1293 1402 rex
1339 1342 1421 1417 (h.
1469 1363 1518 1400 e.
1568 1342 1627 1415 5,
1678 1344 1735 1414 7,
1784 1342 1819 1419 §
1871 1342 2026 1418 372)
2073 1361 2228 1400 anno
2279 1343 2435 1414 688,
2483 1341 2833 1414 Coinredus,

581 1433 941 1492 Merciorum
972 1452 1097 1503 rex,
1144 1437 1207 1490 et
1238 1430 1390 1503 Offa,
1434 1429 1593 1490 filius
1626 1430 1864 1507 Sigheri
1908 1431 2068 1507 regis
2100 1430 2497 1490 Orientalium
2529 1429 2833 1489 Saxonum

584 1522 667 1595 (h.
715 1542 764 1579 e.
813 1521 871 1594 5,
925 1522 1023 1594 19,
1080 1521 1116 1597 ἓ
1165 1520 1341 1596 412),
1388 1540 1544 1578 anno
1602 1521 1748 1592 709,
1807 1519 1935 1592 Ini,
1996 1518 2465 1578 occidentalium
2528 1519 2834 1579 Saxonum

584 1630 691 1668 rex
739 1609 822 1684 (h.
871 1631 919 1668 e.
970 1609 1028 1681 5,
1077 1610 1135 1681 2,
1182 1610 1218 1686 ξ
1269 1609 1423 1685 373)
1470 1629 1628 1667 anno
1677 1608 1803 1666 725
1851 1608 2107 1667 Romam
2152 1613 2568 1686 pervenerunt.

762 1696 1078 1756 Acerrima
1099 1697 1292 1774 igitur
1316 1697 1722 1756 controversia
1757 1697 1915 1756 inter
1937 1696 2223 1756 Britones
2248 1702 2311 1755 et
2331 1694 2584 1773 Anglos,
2609 1696 2834 1775 quippe

587 1786 691 1863 qui
735 1786 872 1845 odio
918 1785 1132 1863 gentili
1163 1791 1361 1845 essent
1392 1785 1672 1863 separati,
1718 1784 2017 1845 levissima
2063 1793 2127 1844 et
2170 1785 2347 1844 brevi
2385 1785 2714 1863 composita
2746 1805 2832 1858 ea,

585 1894 737 1952 quae
784 1873 857 1933 de
902 1874 1226 1935 levioribus
1268 1875 1445 1935 rebus
1489 1874 1652 1934 inter
1696 1872 1933 1951 Anglos
1980 1880 2043 1933 et
2082 1872 2293 1934 Scotos
2339 1880 2473 1933 orta
2518 1879 2650 1933 erat
2696 1894 2833 1933 con-

584 1963 892 2024 troversia.

761 2051 853 2111 At
898 2052 1060 2112 dicat
1103 2054 1358 2112 fortasse
1406 2052 1704 2130 quispiam
1749 2071 2086 2129 repugnare
2131 2051 2269 2110 huic
2308 2057 2550 2110 nostrae
2597 2056 2836 2110 senten·

582 2141 704 2200 tiae
749 2141 1019 2199 Wilfridi
1085 2139 1483 2200 Eboracensis
1542 2140 1879 2212 historiam,
1943 2144 2153 2218 utpote
2216 2159 2333 2216 qua
2393 2140 2838 2199 demonstretur

585 2229 765 2288 etiam
826 2229 987 2288 inter
1048 2227 1257 2288 Scotos
1318 2233 1382 2287 et
1423 2228 1660 2304 Anglos
1720 2228 2301 2287 vehementissimam
2366 2235 2428 2287 et
2485 2228 2837 2287 acerrimam

585 2316 767 2376 fuisse
814 2317 1296 2376 controversiam.
1358 2316 1500 2395 Ipse
1531 2315 1796 2375 Varinus
1836 2317 2046 2416 (mem.
2086 2318 2141 2389 1,
2172 2338 2229 2395 p.
2265 2318 2392 2375 212
2427 2319 2584 2393 sqq.)
2615 2318 2836 2376 multas

586 2404 718 2464 illas
764 2404 1121 2478 inimicitiae,
1169 2425 1316 2481 quas
1362 2405 1698 2477 wilfridus,
1743 2403 1848 2485 qui
1893 2403 2129 2484 primus
2172 2404 2321 2465 inter
2364 2403 2686 2484 episcopos,
2735 2403 2841 2486 qui

585 2493 658 2554 de
718 2490 1055 2573 Anylorwm
1110 2502 1277 2573 yeme
1335 2502 1549 2564 essem,
1613 2490 1960 2553 catholicam
2020 2492 2253 2554 vivendi
2303 2513 2529 2554 morem
2589 2491 2837 2554 ecclesiis

583 2579 922 2662 Anqlorum
966 2581 1199 2642 tradere
1246 2580 1450 2642 didv‘m't
1496 2582 1692 2658 (Beda
1736 2583 1793 2641 h.
1840 2602 1891 2639 0.
1939 2583 1998 2655 4,
2048 2584 2105 2656 2,
2151 2584 2186 2660 ξ
2223 2582 2396 2659 257),
2444 2583 2648 2660 paullo
2695 2589 2837 2660 post

585 2670 876 2746 synodum
923 2670 1064 2729 anni
1115 2670 1242 2728 664
1289 2672 1577 2750 suscepit,
1638 2672 1938 2749 profectas
1985 2691 2111 2730 esse
2157 2670 2387 2731 censuit
2432 2692 2468 2729 a
2514 2669 2836 2730 Scotorum

583 2758 648 2817 in
678 2758 981 2819 Romanos
1028 2759 1182 2819 odio.
1245 2760 1379 2835 Qua
1425 2761 1499 2820 de
1546 2780 1725 2819 causa
1769 2761 1964 2819 facere
2010 2780 2129 2819 non
2160 2780 2417 2839 possum,
2465 2760 2611 2836 quin
2641 2779 2837 2838 pauca

584 2848 657 2907 de
701 2848 804 2907 illa
849 2869 914 2906 re
960 2848 1266 2908 disseram.

763 2936 1077 2996 Wilfridus
1108 2938 1311 3014 igitur,
1342 2937 1587 2996 natione
1609 2936 1849 3015 Anglus
1879 2937 1953 2996 de
1976 2943 2152 3015 gente
2174 2937 2835 3013 Nordanhymbrorum,

584 3027 649 3083 in
708 3025 1085 3084 monasteriis
1144 3025 1376 3101 patriae
1437 3046 1579 3084 suae
1642 3026 1909 3084 eruditus
1970 3030 2124 3098 erat,
2185 3026 2289 3085 sed
2353 3026 2415 3084 in
2462 3024 2710 3097 Cantia,
2770 3025 2838 3083 in

588 3112 790 3171 Gallia
838 3117 899 3171 et
927 3113 1075 3191 ipsa
1118 3113 1330 3186 Roma,
1380 3132 1557 3189 quam
1603 3114 1952 3192 peregrinus
1998 3114 2257 3187 adierat,
2305 3115 2378 3172 de
2423 3114 2839 3173 Romanorum

584 3200 848 3260 moribus
896 3203 1139 3261 edoctus
1185 3201 1497 3262 Scotorum
1542 3202 1809 3261 moribus
1855 3203 2124 3262 meliores
2171 3223 2298 3262 esse
2343 3202 2475 3262 illos
2521 3203 2670 3262 adeo
2719 3202 2838 3262 sibi

582 3296 985 3368 persuaserat,
1043 3297 1116 3351 ut
1175 3310 1445 3351 reversus
1507 3290 1570 3348 in
1626 3290 1887 3368 patriam
1945 3291 2105 3351 inter
2160 3291 2382 3369 primos
2429 3311 2564 3349 cum
2609 3291 2838 3368 ubique

584 3384 712 3437 tum
759 3379 821 3437 in
867 3379 1093 3455 synodo
1140 3379 1282 3437 anni
1317 3380 1446 3437 664
1475 3378 1779 3439 Romanos
1811 3378 2206 3439 admiratione
2239 3381 2567 3439 celebraret
2597 3378 2840 3459 (Steph.

582 3466 739 3526 Edd.
771 3468 878 3528 vit.
900 3468 1100 3526 Wilfr.
1131 3467 1347 3540 I—X;
1379 3467 1548 3526 Beda
1577 3467 1635 3524 h.
1667 3488 1718 3526 e.
1753 3469 1810 3542 3,
1845 3470 1992 3541 227,
2025 3470 2097 3527 cf.
2129 3467 2370 3546 Bright,
2400 3490 2460 3547 p.
2499 3469 2620 3526 187
2654 3471 2838 3546 sqq.).

584 3555 738 3613 Eam
783 3555 974 3632 ipsam
1020 3557 1099 3614 ob
1148 3575 1383 3615 causam
1429 3555 1641 3615 habita
1686 3557 1912 3632 synodo
1958 3558 2182 3617 electus
2229 3563 2335 3630 est,
2385 3556 2489 3634 qui
2520 3557 2839 3636 episcopus

582 3641 979 3703 Eboracensis
1038 3642 1228 3704 fieret.
1333 3643 1453 3704 Sed
1513 3664 1648 3702 cum
1707 3645 1770 3703 in
1830 3644 2030 3704 Gallia
2047 3690 2061 3718 ,
2134 3665 2312 3722 quam
2374 3646 2839 3706 consecrationis

584 3750 762 3791 causa
805 3731 1091 3810 petierat,
1137 3733 1360 3792 diutius
1406 3739 1766 3807 moraretur,
1812 3754 1920 3792 rex
1965 3732 2152 3794 Osviu
2196 3732 2547 3793 consentiens
2590 3732 2692 3806 iis,
2736 3733 2844 3815 91ιί

584 3818 1196 3901 quarta-decimanum
1243 3829 1486 3901 partem
1539 3830 1743 3881 contra
1795 3821 1950 3882 sedis
2003 3819 2355 3901 apostolicae
2406 3819 2675 3903 requlam
2728 3821 2843 3883 sibi

586 3904 867 3987 eliyerunt
921 3908 1100 3985 (Edd.
1155 3909 1261 3969 vit.
1308 3910 1507 3968 Wilfr.
1553 3909 1735 3982 XIV,
1781 3932 1840 3989 p.
1891 3910 2044 3988 685)
2101 3931 2258 3970 anno
2321 3913 2447 3971 666
2512 3910 2839 3984 Oeaddam,

587 3995 779 4056 Ceddi
841 3998 1170 4076 supradicti
1230 3999 1504 4070 fratrem,
1566 3999 1630 4056 in
1678 3998 1958 4058 Cantiam
2022 3999 2186 4059 misit
2244 4001 2714 4060 consecrandum
2772 4001 2840 4059 in

586 4085 778 4145 locum
838 4086 1102 4145 absentis
1148 4087 1417 4145 Wilfridi
1464 4087 1659 4163 (Beda
1702 4088 1760 4144 h.
1809 4108 1858 4146 e.
1909 4088 1975 4161 3,
2041 4089 2150 4161 28,
2197 4090 2233 4165 ξ
2282 4089 2429 4162 243,
2493 4090 2566 4147 cf.
2613 4089 2841 4167 Bright
2886 4143 2891 4150 .

587 4174 665 4231 21
682 4175 709 4230 1
765 4176 895 4250 sq.).
966 4175 1190 4253 Negari
1235 4175 1424 4253 igitur
1465 4196 1590 4234 non
1636 4181 1837 4255 potest
1886 4176 2230 4236 Wilfridum
2276 4178 2405 4235 loco
2452 4197 2559 4235 suo
2607 4184 2838 4237 motum

586 4282 713 4322 esse
776 4282 894 4321 non
958 4263 1084 4321 sine
1145 4283 1325 4340 opera
1386 4271 1589 4323 eoi-um
1607 4309 1621 4338 ,
1694 4264 1801 4342 qui
1856 4264 2264 4324 Romanorum
2324 4265 2521 4324 minus
2582 4266 2841 4327 studiosi

587 4356 777 4423 erant,
826 4371 1003 4428 quam
1049 4352 1195 4430 ipse.
1260 4351 1488 4411 Tamen
1517 4353 1666 4412 haec
1711 4353 1911 4411 omnia
1958 4373 2090 4411 cum
2123 4354 2525 4414 controversia
2568 4354 2841 4432 paschali
