3134 5034
1216 322 1661 380 -75-

319 497 655 559 ordinante-3
687 543 699 556 .
735 543 748 556 .
782 543 795 555 .
832 542 845 556 .
877 497 1190 577 miserunt)
1237 505 1298 558 et
1342 497 1613 558 Finanus
1659 497 1764 573 (ib.
1800 499 1855 571 3,
1909 501 1987 557 17
2039 499 2074 575 ξ
2116 500 2236 556 196
2273 504 2334 557 01
2368 498 2424 570 3,
2460 499 2564 571 25,

318 590 355 668 ξ
403 589 559 648 225:
607 607 646 646 a
694 585 907 647 Scottis
952 586 1258 647 ordinatus
1303 595 1355 647 et
1398 586 1634 664 missus)
1683 593 1745 646 et
1783 587 2120 660 Colmanus,
2165 586 2386 645 Finani
2433 608 2560 647 suo·

318 697 514 737 008801·
561 677 666 751 (111.
717 677 775 750 3,
825 677 908 734 25
957 678 992 754 ξ
1028 677 1183 734 227:
1232 684 1284 735 et
1328 674 1450 756 ipse
1492 674 1706 735 missus
1750 695 1789 733 a
1821 673 2056 753 Scottis)
2103 678 2181 734 ab
2211 675 2566 736 Hiiensibus

317 766 484 826 missi
544 771 717 825 erant
777 772 839 824 01
905 762 1297 839 „ordinati“.²
1389 764 1551 838 Quin
1614 764 1791 823 etiam
1810 809 1825 838 ,
1897 784 2265 842 quanquam-
2300 771 2565 841 potestas

318 855 632 914 ordinandi
692 854 1050 913 Merciorum
1111 860 1173 912 et
1234 851 1628 912 Orientalium
1690 852 1990 912 Saxonum
2061 855 2368 931 episcopos
2429 854 2468 910 i.
2516 874 2565 912 e.

318 943 776 1003 Licidfeldensis
838 948 898 1001 et
942 941 1345 1001 Lundinensis
1406 942 1611 1001 sedum
1656 943 1956 1018 praesules
2017 962 2200 1020 penes
2256 942 2567 1020 episcopos

318 1031 840 1091 Lindisfarnenses
887 1037 1032 1104 erat,
1080 1037 1281 1090 tamen
1328 1038 1487 1089 certe
1531 1032 1750 1090 tertius
1780 1032 2034 1091 fortasse
2065 1032 2248 1091 etiam
2278 1032 2570 1090 secundus

323 1120 781 1180 Licidfeldensis
827 1120 1138 1198 episcopus
1179 1120 1255 1179 ab
1284 1118 1434 1196 ipsis
1464 1120 1817 1179 Hiiensibus
1848 1126 2223 1179 consecratus
2254 1125 2347 1178 est
2375 1119 2569 1195 (Beda

317 1211 374 1269 h.
425 1230 473 1268 e.
526 1211 581 1280 3,
631 1210 733 1282 21,
780 1210 816 1286 ἓ
864 1209 1037 1285 212).
1130 1208 1216 1268 Ε1
1273 1209 1412 1268 talis
1459 1215 1592 1268 erat
1639 1209 1930 1286 episcopis
1976 1208 2568 1267 Lindisfnarensibus

321 1315 464 1357 cum
503 1297 857 1357 Hiiensibus
903 1297 1285 1370 consuetude,
1332 1303 1402 1356 ut
1446 1317 1568 1355 non
1613 1298 1803 1356 solum
1851 1332 1936 1342 —
1984 1298 2144 1374 quod
2188 1297 2402 1355 mirum
2447 1316 2569 1355 non

320 1393 416 1446 est
467 1420 543 1429 —
595 1384 883 1445 Aedanus
903 1382 1136 1465 pascha
1167 1393 1369 1445 contra
1396 1405 1624 1447 ‘morem
1653 1404 1874 1456 eorum,
1921 1385 2024 1468 qui
2050 1384 2246 1467 ipsum
2273 1384 2568 1458 miserant,

303 1474 513 1557 facere
571 1493 690 1534 non
736 1482 939 1553 posset
992 1475 1186 1550 (Beda
1232 1476 1290 1536 11.
1340 1494 1386 1532 0.
1438 1474 1494 1548 3,
1544 1476 1647 1547 25,
1703 1477 1739 1552 ξ
1790 1476 1945 1552 226)
2006 1482 2189 1552 atque
2249 1474 2571 1533 Colmanus

321 1570 532 1644 postea
587 1571 894 1623 tonsuram
947 1566 1258 1640 (coronae)
1297 1571 1350 1623 et
1387 1561 1645 1642 paschae
1686 1562 1974 1622 rationem
2003 1571 2257 1643 propter
2300 1561 2572 1623 timorem

311 1650 550 1736 patriae
596 1670 735 1712 suae
781 1658 1158 1712 contemneret
1188 1651 1553 1730 (Stephanus
1583 1653 1815 1711 Eddius
1847 1652 1951 1712 vit.
1982 1651 2252 1711 wilfridi
2284 1672 2330 1710 c.
2371 1653 2450 1709 10
2483 1686 2572 1695 —

319 1741 478 1802 Mab.
541 1740 653 1814 IV,
716 1743 744 1799 1
816 1741 877 1818 [i.
924 1761 974 1799 0.
1030 1741 1350 1814 Mabillon,
1411 1740 1573 1800 Acta
1632 1740 1742 1800 SS.
1805 1739 2049 1800 Ordinis
2107 1739 2201 1800 Sti
2255 1739 2574 1799 Benedicti

321 1851 470 1891 saec.
519 1828 631 1902 IV,
678 1850 820 1907 pars
872 1830 931 1907 1]
979 1830 1282 1908 appendix
1327 1829 1417 1889 ed.
1464 1830 1657 1889 Paris.
1704 1853 1762 1908 p.
1798 1830 1971 1906 682),
2019 1830 2124 1888 8011
2153 1834 2238 1888 'ut
2282 1829 2461 1888 etiam
2507 1829 2572 1886 in

321 1918 647 1979 levioribus
693 1923 1030 1996 appareret,
1078 1919 1236 1977 unde
1265 1918 1752 1993 Nordanhymbri
1787 1918 1962 1977 fidem
1994 1918 2377 1977 christianam
2409 1938 2571 1976 acce-

318 2008 573 2086 pissent,
634 2026 771 2065 nam
818 2006 1087 2066 Finanus
1146 2003 1441 2066 ecclesiam
1499 2004 1822 2088 episcopali
1875 2005 2003 2066 sedi
2045 2025 2369 2085 conyruam
2411 2023 2574 2065 more

322 2093 634 2156 Scotorum
678 2115 798 2155 non
827 2095 901 2155 de
931 2092 1129 2177 lapide
1159 2092 1266 2155 sed
1296 2094 1370 2154 de
1396 2094 1608 2155 robore
1636 2103 1784 2155 secto
1798 2093 1946 2175 fecit
1977 2094 2172 2171 (Beda
2202 2096 2257 2152 h.
2291 2115 2339 2153 e.
2376 2096 2433 2167 3,
2469 2093 2575 2167 25,

323 2186 359 2262 g
394 2184 565 2261 225).
642 2184 818 2245 Unde
863 2185 1243 2245 manifestum
1290 2190 1382 2243 est
1427 2185 1735 2244 ecclesiam
1764 2184 2396 2260 Nordanhymbrorum
2438 2203 2572 2241 con·

313 2276 587 2350 junctam
635 2294 767 2332 011111
811 2273 1166 2332 Merciorum
1215 2279 1276 2332 et
1323 2271 1719 2334 Orientalium
1752 2272 2072 2346 Saxonum,
2121 2273 2404 2348 quamdiu
2450 2292 2572 2329 ma-

321 2362 506 2422 nebat
568 2362 917 2421 inconcussa
975 2362 1015 2420 i.
1072 2383 1121 2421 0.
1176 2381 1365 2439 usque
1427 2362 1505 2421 ad
1564 2361 1853 2439 synodum
1913 2361 2575 2421 Strenaeshalchensem

324 2450 604 2510 ecclesiae
652 2448 920 2510 Scoticae
980 2450 1236 2527 speciem
1296 2451 1642 2527 praebuisse
1703 2470 1951 2527 eamque
2006 2451 2085 2510 ob
2129 2471 2255 2508 rem
2300 2449 2574 2508 idoneam

324 2559 470 2611 esse,
519 2559 671 2615 quae
716 2539 789 2597 de
836 2538 1149 2599 Scotorum
1195 2540 1459 2598 moribus
1504 2559 1613 2599 nos
1660 2539 1920 2598 edoceat.

502 2626 599 2686 Ac
642 2628 901 2705 primum
944 2628 1182 2705 quidem
1213 2629 1582 2707 expleantur,
1629 2649 1783 2705 quae
1815 2648 1996 2706 supra
2025 2627 2283 2686 diximus
2314 2625 2388 2684 de
2419 2624 2574 2684 ordi-

322 2717 499 2776 nibus
548 2716 988 2789 ecclesiasticis,
1048 2737 1186 2776 nam
1236 2718 1439 2794 quales
1484 2718 1711 2776 fuerint
1758 2715 2069 2776 Scotorum
2115 2716 2404 2794 episcopi,
2465 2715 2577 2773 hoc

322 2807 453 2865 1000
514 2805 740 2883 optime
802 2805 1078 2882 cognosci
1137 2812 1356 2882 potest.
1448 2805 1668 2863 Omnes
1730 2803 2043 2864 Scotorum
2106 2804 2440 2882 episcopos,
2502 2803 2579 2861 de

326 2892 542 2970 quibus
589 2893 765 2952 modo
812 2893 1172 2952 mentionem
1217 2894 1480 2966 fecimus,
1528 2893 1845 2953 monachos
1891 2893 2096 2965 fuisse,
2157 2897 2367 2969 postea
2414 2891 2574 2951 vide-

322 2981 536 3055 bimus,
560 3002 716 3041 nunc
740 2982 813 3041 110
836 2975 1080 3041 munere
1105 2982 1513 3059 episcoporum
1538 2982 1914 3042 disseramus.
1977 2981 2309 3058 Episcopos
2333 2999 2576 3038 munere

325 3077 386 3130 01
443 3070 739 3147 dignitate
798 3077 860 3130 et
912 3070 1106 3148 gradu
1166 3070 1531 3148 presbyteris
1593 3071 1897 3148 superiore
1943 3072 2178 3130 functos
2224 3089 2352 3128 esse
2396 3088 2577 3146 supra

317 3163 443 3236 jam
505 3159 761 3220 vidimus
808 3161 892 3236 (p.
943 3160 1071 3234 58),
1133 3159 1311 3220 certis
1373 3158 1725 3235 quibusdam
1787 3159 2179 3219 ordinationis
2237 3159 2452 3217 ritibus
2512 3158 2577 3215 in

325 3268 636 3307 numerum
696 3248 1109 3327 episcoporum
1170 3265 1268 3308 eos
1332 3254 1605 3326 receptos
1667 3268 1794 3307 esse
1853 3249 1963 3307 hoc
2024 3249 2258 3307 demum
2317 3248 2445 3305 loco
2507 3245 2577 3304 fit

325 3336 892 3396 manifestissimum.
968 3336 1178 3415 Neque
1218 3338 1293 3396 de
1321 3337 1433 3395 hac
1463 3358 1528 3395 re
1558 3357 1821 3413 unquam
1857 3337 2125 3414 quaestio
2158 3335 2391 3394 exstitit
2420 3336 2580 3393 inter

324 3426 488 3486 viros
534 3424 741 3485 doctos
787 3432 972 3502 atque
1019 3431 1240 3498 cautos,
1286 3425 1408 3497 sed,
1456 3445 1590 3484 cum
1637 3445 1737 3483 008
1781 3425 1886 3505 qui
1926 3422 2185 3485 ordinati
2220 3422 2334 3482 sint
2364 3442 2404 3481 a
2434 3419 2574 3481 Sco-

325 3523 523 3574 torum
564 3510 653 3573 vel
677 3511 1005 3573 Britonum
1051 3512 1353 3594 episcopis,
1397 3511 1610 3574 iterum
1654 3532 1693 3571 a
1738 3511 2015 3574 catholico
2059 3511 2328 3592 episcopo
2366 3530 2578 3570 manus

326 3600 692 3681 impositione
757 3602 1099 3686 confirmari
1150 3603 1396 3679 jusserit
1455 3602 1756 3662 Theodori
1815 3602 2245 3680 archiepiscopi
2297 3601 2398 3677 (de
2458 3619 2578 3678 quo

328 3691 511 3768 infra)
543 3689 981 3751 Poenitentiale
1029 3692 1143 3768 (II,
1193 3694 1250 3765 9,
1296 3692 1376 3750 Η.
1425 3692 1544 3750 and
1577 3690 1665 3751 St.
1696 3690 1817 3763 ΠΙ,
1864 3712 1923 3769 p.
1961 3692 2131 3767 197),
2176 3691 2423 3749 dubium
2469 3695 2578 3761 est,

329 3799 471 3838 num
516 3779 750 3839 ratione
795 3780 1110 3839 ordinandi
1157 3780 1272 3840 sibi
1319 3781 1566 3857 propria
1613 3781 1706 3839 usi
1753 3780 1873 3841 sint
1920 3779 2102 3839 Scoti.

510 3868 898 3928 Contendunt
942 3869 1098 3928 enim
1144 3869 1476 3928 Haddanus
1522 3870 1630 3944 (H.
1678 3870 1794 3928 and
1842 3868 1928 3929 St.
1974 3869 2026 3927 Ι.
2073 3890 2130 3945 p.
2169 3868 2320 3944 155)
2369 3874 2430 3927 01
2475 3867 2579 3926 alii

330 3957 491 4033 apud
522 3955 732 4017 Scotos
763 3958 968 4016 eodem
1000 3957 1192 4030 mod0‚
1240 3978 1357 4034 quo
1388 3959 1548 4035 apud
1579 3958 1877 4032 Britones,
1919 3958 2226 4035 episcopos
2258 3976 2366 4034 per
2396 3976 2579 4013 unum

329 4045 584 4104 alterum
631 4051 1004 4105 consecratos
1049 4066 1191 4106 esse.
1285 4047 1404 4106 Sed
1449 4066 1567 4105 non
1616 4047 1853 4120 dubit0,
1903 4047 2048 4124 quin
2095 4046 2239 4104 haec
2284 4044 2581 4104 sententia

478 4203 501 4235 ²
538 4202 622 4256 Cf.
660 4202 887 4256 Ebrard
935 4221 990 4271 p.
1047 4201 1168 4272 173:
1217 4200 1408 4256 Aedan
1451 4200 1636 4255 warde
1679 4201 1821 4256 nach
1866 4201 2048 4255 Bodas
2093 4199 2382 4254 Ausdruck
2429 4199 2584 4253 ‘nicht

333 4289 461 4327 zum
497 4273 740 4339 Bischof
766 4273 1060 4338 ordinicrt,
1099 4272 1332 4327 sondern
1369 4289 1510 4338 „von
1544 4272 1642 4326 der
1680 4271 1832 4327 Insel
1870 4271 2029 4326 Jowa
2063 4288 2189 4326 zum
2226 4269 2463 4337 Bischof
2490 4270 2578 4324 de·

334 4343 592 4398 stiniert“
630 4345 682 4399 d.
709 4344 760 4398 h.
800 4346 1039 4398 ernannt
1076 4374 1145 4383 —
1170 4342 1226 4396 h.
1256 4359 1304 4397 e.
1334 4345 1384 4409 3,
1413 4345 1462 4409 3,
1494 4344 1525 4414 ξ
1557 4343 1678 4400 157.
1741 4344 1926 4412 Atqui
1962 4344 2116 4396 idem
2153 4342 2314 4395 Beda
2351 4341 2582 4409 scripsit

331 4414 491 4470 locos
533 4432 705 4484 supra
742 4418 1210 4469 commemoratos
1249 4415 1299 4482 3,
1340 4417 1389 4481 3,
1432 4416 1464 4486 ξ
1509 4414 1610 4468 164
1653 4417 1713 4469 01
1750 4415 1801 4481 3,
1842 4415 1924 4477 25,
1964 4413 1998 4484 5
2037 4413 2157 4468 225.
