3134 5034
1217 319 1647 376 ...61.„

319 495 622 578 perfecto-3.
685 499 858 573 Quod
905 499 1038 575 quis
1084 498 1329 558 audiens
1375 498 1489 557 sibi
1528 498 1885 577 persuadeat
1930 499 2155 557 nullum
2203 506 2344 558 tunc
2373 500 2553 559 fuisse

320 590 381 646 in
447 589 743 647 Hibernia
806 589 1147 667 episcopum
1208 589 1457 648 similem
1519 595 1818 666 potestate
1877 589 1980 664 iis,
2043 590 2145 667 qui
2203 589 2553 666 Hieronymi

319 677 687 756 temporibus
732 679 1008 737 fuerant?

509 767 779 827 Tertium
827 768 984 845 quod
1014 767 1177 846 apud
1207 767 1628 827 Adamnanum
1660 768 2065 846 episcoporum
2100 768 2188 827 ita
2215 767 2287 828 fit
2316 769 2553 840 menti0,

291 863 393 915 ‘ut
438 878 556 916 non
605 858 790 917 solum
838 863 1126 937 appareat
1171 857 1592 917 Adamnanum
1638 857 1846 917 fecisse
1892 857 2208 917 discrimen
2254 858 2412 915 inter
2457 878 2555 915 eos

325 946 429 1024 qui
476 947 740 1026 episcopi
785 953 848 1005 et
893 968 991 1006 eos
1038 947 1141 1023 qui
1185 948 1435 1006 abbates
1482 947 1898 1024 apellabantur
1945 947 2088 1023 (vid.
2124 948 2179 1019 3,
2215 948 2296 1005 90
2345 947 2408 1005 111
2437 946 2554 1004 fine

321 1058 380 1114 p.
415 1037 540 1094 229
576 1037 645 1096 cf.
682 1037 808 1113 91),
855 1037 958 1096 sed
1005 1038 1184 1096 etiam
1229 1042 1299 1095 ut
1344 1037 1719 1096 manifestum
1759 1034 1866 1094 fiat
1910 1036 2102 1114 ipsum
2133 1035 2553 1094 Adamnanum

322 1130 562 1203 putasse
609 1125 855 1203 singulis
887 1127 1182 1206 episcopis
1213 1126 1393 1185 fuisse
1425 1126 1765 1204 parochiam
1798 1123 1974 1186 certis
2003 1125 2220 1184 finibus
2265 1126 2552 1185 inclusam

323 1216 407 1291 (l,
458 1215 558 1289 29,
605 1236 662 1293 p
712 1216 838 1273 208
901 1236 1091 1287 „unus
1150 1214 1223 1275 de
1272 1214 1629 1297 praepositis
1684 1223 1816 1274 tuae
1860 1213 2209 1275 dioeceseos“
2257 1217 2327 1273 cf.
2376 1235 2554 1294 supra

321 1326 379 1382 p.
416 1304 522 1377 593
577 1306 629 1378 1,
678 1305 779 1378 40,
825 1326 881 1382 Ρ
916 1306 1062 1364 212.
1113 1305 1168 1377 3,
1221 1306 1320 1378 90,
1373 1306 1498 1363 229
1546 1302 1886 1384 „episcopus
1932 1297 2307 1386 Layinensz’s‘
2312 1298 2396 1383 69)

502 1349 793 1467 Quartum
840 1393 1110 1472 denique,
1158 1394 1334 1471 quod,
1374 1395 1529 1453 sicut
1559 1399 1765 1472 postea
1798 1393 2141 1468 videbimus,
2188 1394 2249 1452 in
2279 1393 2553 1453 Nordan·

320 1483 594 1558 hymbria
640 1483 809 1542 sedes
856 1485 1219 1562 episcopales
1266 1504 1385 1542 non
1432 1484 1763 1542 defuerunt.

500 1572 671 1646 Quae
717 1593 849 1631 cum
882 1574 968 1632 ita
999 1575 1136 1648 sint,
1167 1573 1229 1631 in
1261 1573 1365 1631 illo
1397 1574 1499 1632 vix
1531 1593 1691 1651 papa
1737 1572 1977 1644 erravit,
2011 1572 2169 1648 quod
2202 1571 2553 1631 Hiberniam

322 1661 386 1719 in
447 1662 811 1740 episcopales
869 1663 1178 1739 parochias
1240 1662 1488 1722 divisam
1561 1683 1685 1721 esse
1749 1663 2004 1741 putavit.
2112 1663 2278 1736 Quae
2340 1661 2553 1720 divisio

324 1771 466 1808 num
512 1771 774 1828 unquam
819 1752 1051 1829 legibus
1096 1752 1326 1812 sancita
1371 1752 1474 1826 sit,
1530 1752 1595 1809 in
1641 1751 1834 1811 medio
1880 1752 2176 1828 relinquo,
2236 1751 2375 1827 quia
2421 1771 2553 1809 con-

319 1839 645 1916 jiciendum
709 1846 800 1900 est
861 1862 988 1900 eam
1047 1844 1373 1920 profectam
1434 1862 1559 1900 esse
1629 1841 1701 1900 de
1761 1841 1921 1901 civili
1980 1842 2188 1920 populi
2241 1840 2553 1899 Hibernici

326 1929 631 2004 divisione,
678 1930 751 1988 de
798 1951 915 2008 qua
961 1952 1142 2009 supra
1186 1932 1410 1990 dictum
1457 1937 1547 1990 est
1594 1932 1677 2007 (p.
1716 1930 1840 2006 56).

502 2018 578 2078 In
624 2020 871 2097 singulis
917 2027 1113 2079 autem
1158 2020 1455 2100 parochiis
1503 2020 1607 2096 qui
1651 2020 1836 2078 fuerit
1890 2024 2082 2079 status
2129 2018 2556 2078 ecclesiasticus

329 2108 489 2168 haud
535 2110 707 2169 facile
753 2115 843 2168 est
907 2110 983 2168 ad
1039 2109 1533 2187 cognoscendum,
1598 2109 1737 2186 quia
1795 2109 1858 2167 in
1920 2109 2110 2167 medio
2169 2108 2557 2184 relinquenda

329 2206 420 2257 est
452 2197 595 2257 haec
625 2199 975 2277 gravissima
1006 2200 1291 2276 quaestio,
1337 2203 1536 2257 utrum
1578 2219 1777 2258 omnes
1823 2199 2101 2277 episcopi,
2149 2218 2347 2257 omnes
2392 2217 2554 2276 pres-

332 2288 528 2363 byteri
575 2296 636 2347 et
691 2288 922 2348 diaconi
985 2289 1257 2348 monachi
1318 2289 1559 2363 fuerint,
1623 2309 1697 2347 an
1758 2296 1998 2368 praeter
2057 2289 2382 2366 permultos
2441 2307 2555 2358 eos,

332 2376 436 2453 qui
480 2378 879 2438 monachicam
925 2379 1113 2438 vitam
1159 2378 1418 2457 amplexi
1466 2384 1662 2452 erant,
1724 2379 1825 2437 alii
1885 2378 2109 2436 fuerint
2166 2377 2364 2436 clerici
2409 2377 2557 2435 nulli

332 2466 689 2525 monasterio
736 2467 995 2544 ascripti.
1086 2468 1472 2545 Negaverunt
1526 2468 1679 2526 hanc
1736 2468 2136 2545 quaestionem
2185 2466 2450 2526 Toddius
2497 2474 2556 2525 et

332 2552 588 2613 Skenius
634 2554 742 2631 (II,
790 2577 846 2634 p.
899 2556 1009 2633 42)
1066 2578 1255 2635 neque
1320 2577 1427 2636 ego
1489 2556 1823 2616 dubitarem
1885 2557 2162 2616 accedere
2224 2556 2301 2615 ad
2355 2575 2554 2615 eorum

328 2644 701 2718 sententiam,
732 2645 846 2704 nisi
877 2666 1067 2723 pauca
1100 2654 1311 2720 essent,
1360 2667 1510 2723 quae
1541 2666 1664 2705 rem
1698 2647 1760 2705 in
1791 2646 2224 2706 dubitationem
2256 2651 2554 2706 vocarent.

326 2732 501 2791 Dixit
564 2734 717 2792 enim
779 2735 1113 2811 aliquando,
1159 2742 1228 2795 ut
1291 2736 1464 2795 modo
1511 2736 1976 2809 commemoravi,
2026 2736 2314 2795 Columba
2359 2735 2555 2794 Luxo-

326 2822 560 2895 viensis,
610 2816 890 2883 Sanctum
918 2821 1350 2903 Hieronymum
1382 2821 1627 2904 jussisse
1670 2823 1965 2906 episcopos
2001 2823 2227 2883 imitam'
2269 2820 2556 2903 apostolos

325 2907 636 2971 monachos
681 2930 817 2972 vero
862 2911 1120 2972 docuisse
1162 2913 1324 2995 sequi
1350 2921 1556 2993 patres
1593 2911 1915 2995 perfect085
1974 2911 2094 2972 alia
2147 2912 2299 2972 enim
2344 2932 2461 2973 6666
2506 2920 2557 2970 et

326 2998 447 3059 alia
505 2997 842 3061 clericorum
904 3009 957 3061 et
1014 2998 1433 3062 monachorum
1494 3000 1836 3062 documenta
1883 3011 1934 3063 et
1988 2999 2152 3084 lonqe
2196 2999 2271 3060 ab
2315 2999 2556 3061 invicem

327 3098 601 3168 separata
649 3091 766 3169 (ep.
802 3092 838 3149 2
888 3090 1029 3151 bibl.
1077 3112 1228 3165 max,
1275 3098 1431 3170 patr.
1471 3093 1567 3165 12,
1615 3114 1671 3170 Ρ.
1708 3093 1787 3149 26
1822 3092 1941 3169 D.).
2005 3093 2178 3166 Quod
2225 3091 2332 3150 etsi
2366 3090 2556 3150 Gallis

330 3176 550 3237 dictum
598 3186 704 3254 est,
753 3187 950 3241 tamen
996 3181 1389 3259 suspicionem
1435 3188 1634 3242 movet
1678 3181 1739 3240 in
1770 3181 2065 3240 Hibernia
2099 3202 2330 3259 quoque
2375 3181 2556 3240 fuisse

328 3268 652 3347 episcopos,
702 3269 804 3347 qui
851 3270 1121 3329 monachi
1167 3292 1284 3331 non
1333 3278 1525 3331 essent
1560 3278 1718 3330 certe
1767 3291 1885 3329 non
1932 3272 2193 3347 ejusdem
2240 3270 2555 3330 strictioris

326 3358 738 3417 observantiae
786 3360 1056 3419 monachi
1102 3367 1282 3437 atque
1329 3360 1621 3420 Columba
1669 3361 1764 3435 (cf.
1813 3361 2011 3437 infra).

507 3447 707 3521 Quid?
752 3449 963 3509 Nonne
1011 3456 1072 3508 et
1118 3451 1245 3528 ipse
1290 3450 1390 3508 ille
1435 3449 1632 3508 Aidus
1677 3446 1990 3509 civitatis
2031 3443 2364 3527 Sleptiensis
2408 3444 2554 3529 epi-s-

325 3554 508 3613 copus
555 3536 714 3611 (Lib.
749 3537 958 3597 Ardm.
991 3537 1185 3617 Capit.
1219 3538 1382 3610 Aidi,
1429 3538 1699 3599 Betham.
1734 3537 1803 3597 II
1806 3582 1819 3610 ,
1853 3559 1988 3617 app.
2020 3537 2263 3615 XLIV)
2311 3536 2554 3595 eandem

328 3623 719 3700 suspicionem
767 3647 1001 3686 movere
1047 3634 1270 3706 potest,
1335 3628 1689 3704 simulatque
1750 3628 1988 3705 legeriS,
2037 3648 2186 3705 quae
2233 3628 2305 3685 de
2351 3626 2554 3685 discri-

326 3712 483 3770 mine
514 3712 671 3771 inter
702 3715 1006 3793 episcopos
1037 3718 1378 3777 monasterii
1410 3722 1470 3776 et
1509 3717 1816 3795 episcopos
1863 3716 2121 3777 civitatis
2153 3716 2556 3792 Harttungius

324 3801 582 3880 protulit
630 3802 1146 3882 (Diplomat.·hist.
1193 3806 1436 3866 Forsch.
1485 3828 1542 3885 p.
1595 3807 1675 3865 35
1726 3808 1797 3865 cf.
1853 3813 1975 3866 not.
2030 3805 2132 3882 1)?
2212 3805 2353 3864 Alia
2417 3825 2554 3864 vero

325 3892 503 3967 hujus
549 3891 636 3951 rei
681 3893 1024 3952 testimonia
1069 3915 1160 3953 me
1208 3916 1327 3954 non
1371 3896 1671 3956 invenisse
1718 3895 2027 3968 confiteor,
2083 3895 2187 3954 sed
2231 3894 2390 3953 haud
2436 3894 2554 3952 scio

327 4001 404 4038 an
457 3983 623 4056 justo
687 3982 821 4059 plus
882 3983 998 4042 viri
1057 3984 1217 4044 docti
1293 3985 1583 4045 rationem
1652 3985 1969 4045 habuerint
2028 3986 2283 4043 vitarum
2353 4003 2555 4042 eorum

328 4067 707 4144 Sanctorum,
771 4091 918 4148 quos
980 4074 1291 4133 monachos
1352 4075 1531 4134 fuisse
1596 4080 1821 4134 certum
1877 4081 1983 4134 est.
2074 4073 2177 4133 An
2225 4072 2555 4132 mirandum

328 4165 498 4232 esset,
546 4161 719 4237 quod,
768 4163 818 4221 si
866 4161 969 4238 qui
1015 4162 1267 4222 fuissent
1312 4164 1374 4222 in
1422 4164 1665 4223 ecclesia
1714 4163 2025 4224 Scotorum
2071 4163 2347 4241 episcopi,
2394 4181 2554 4240 pres-

326 4249 539 4325 byteri,
588 4251 836 4325 diaconi,
887 4251 990 4329 (1111
1037 4252 1309 4312 monachi
1353 4273 1471 4312 non
1520 4261 1737 4326 essent,
1786 4253 2068 4312 memoria
2115 4272 2316 4311 eorum
2362 4251 2555 4310 deleta

327 4345 483 4397 esset
545 4340 705 4418 apud
764 4341 927 4414 illos,
1008 4341 1112 4419 qui
1173 4343 1590 4401 monachorum
1651 4342 1805 4402 vitas
1866 4341 2345 4401 conscriberent?
2438 4339 2557 4399 Sed
