3134 5034
1497 283 1930 344 ...46-

597 465 990 544 colligendum
1051 464 1155 538 sit,
1218 463 1566 525 Columbam
1624 467 1748 539 jam
1809 465 2044 525 novisse
2099 464 2427 523 Hiberniae
2488 463 2882 544 apostolum,

594 556 839 614 maximi
893 555 1177 613 momenti
1233 561 1348 627 est,
1414 553 1573 631 quod
1628 554 1784 611 idem
1831 553 2121 612 Columba
2178 554 2484 631 episcopos
2539 554 2882 613 Romanos

592 640 1001 702 Hibernorum
1066 643 1383 719 magistros
1448 642 1777 720 appellavit
1838 645 1954 718 (ep.
2000 641 2096 701 IV
2142 643 2233 700 ad.
2281 642 2431 703 Bon.
2491 663 2627 719 pap.
2675 641 2879 699 Bibl.
2977 718 2988 731 ⁸

594 753 747 791 max.
793 739 949 810 patr.
996 731 1149 803 XII,
1196 752 1253 808 p.
1305 731 1386 788 25
1435 729 1536 806 G).

770 821 989 896 Itaque
1062 819 1221 895 quod
1292 826 1486 878 exstat
1554 819 1814 876 omnium
1884 820 1958 877 de
2029 819 2294 877 Patricio
2364 819 2875 877 testimoniorum

592 907 1067 984 antiquissimum
1112 908 1333 985 optime
1390 907 1646 984 quadrat
1699 907 1798 979 iis,
1848 927 1999 983 quae
2046 906 2412 966 Tirechanus
2457 907 2531 965 de
2586 906 2876 965 Patricii

593 996 910 1056 itineribus
955 996 1235 1074 prodidit.

769 1086 886 1145 His
932 1085 1217 1162 expositis
1257 1087 1384 1159 jam
1430 1089 1666 1161 tempus
1714 1090 1830 1156 est,
1887 1090 1957 1143 ut
2000 1084 2446 1162 perscrutandis
2490 1084 2678 1161 ipsius
2722 1083 2867 1141 Pa-

591 1173 778 1247 tricii,
846 1194 998 1250 quae
1042 1175 1341 1244 feruntur,
1404 1172 1641 1249 scriptis
1697 1193 1939 1249 operam
1997 1174 2216 1232 demus,
2310 1172 2494 1232 Absit
2538 1192 2705 1244 ver0,
2780 1180 2869 1231 ut

592 1263 807 1338 loquar
865 1263 938 1320 de
999 1262 1270 1320 omnibus
1332 1260 1584 1318 Patricii
1644 1263 1942 1337 opusculis
2005 1282 2040 1319 a
2084 1262 2343 1319 ‘Waraeo
2408 1263 2586 1337 (anno
2642 1261 2865 1336 1656)

592 1351 794 1423 editis,
863 1371 1000 1409 nam
1066 1348 1179 1408 etsi
1238 1349 1523 1406 nonnulla
1584 1369 1786 1407 eorum
1833 1353 1958 1424 jam
2017 1351 2079 1407 in
2126 1351 2449 1411 canonibus
2493 1350 2863 1408 Hibernicis

589 1437 854 1497 Patricio
901 1438 1195 1497 attributa
1241 1443 1379 1496 sunt
1424 1437 1658 1512 (XXV,
1710 1439 1747 1495 3
1782 1438 2303 1497 Wasserschleben
2353 1438 2435 1495 Ir.
2468 1437 2613 1497 Gan.
2659 1460 2719 1515 p.
2758 1439 2853 1494 91

592 1533 655 1585 et
700 1525 951 1598 XXIX,
1002 1529 1038 1583 7
1086 1547 1143 1603 p.
1183 1527 1350 1601 119),
1398 1532 1598 1583 tamen
1644 1526 1802 1584 inter
1848 1547 2048 1584 omnes
2095 1530 2326 1585 constat
2369 1527 2626 1604 plurima
2672 1527 2853 1584 adul·

592 1615 785 1673 terina
834 1635 962 1673 esse
1008 1615 1105 1689 (cf.
1153 1614 1233 1672 H.
1281 1613 1399 1672 and
1446 1613 1533 1673 St.
1580 1613 1668 1686 II,
1706 1616 1763 1687 2,
1809 1636 1868 1692 p.
1903 1616 2073 1690 327).
2167 1615 2382 1691 Itaque
2430 1635 2549 1673 non
2594 1614 2712 1672 nisi
2767 1615 2857 1672 de

593 1705 666 1760 iis
714 1703 1024 1761 dicendum
1072 1709 1188 1775 est,
1261 1722 1411 1779 quae
1469 1703 1729 1778 genuina
1784 1702 2036 1761 Patricii
2094 1703 2317 1780 scripta
2361 1703 2661 1761 habentur
2706 1720 2855 1760 cum

593 1791 669 1849 ab
716 1792 846 1850 aliis
892 1797 1020 1849 tum
1066 1812 1102 1849 a
1148 1792 1291 1851 viris
1339 1791 1695 1850 doctissimis
1726 1791 1806 1848 H.
1840 1792 1958 1849 and
1990 1790 2077 1849 St.
2171 1790 2246 1848 In
2296 1811 2545 1867 quorum
2594 1811 2854 1850 numero

594 1896 725 1937 cum
782 1880 1110 1939 invenirem
1155 1880 1409 1939 Patricii
1463 1880 1761 1938 canticum
1809 1879 2132 1938 Scotticum
2189 1880 2293 1955 (H.
2341 1881 2461 1938 and
2508 1878 2596 1938 St.
2642 1878 2730 1953 II,
2783 1882 2850 1952 2,

592 1989 648 2046 p.
686 1969 811 2026 320
845 1972 1022 2046 sqq.),
1068 1969 1242 2028 valde
1288 1968 1539 2027 miratus
1586 1988 1731 2026 sum.
1792 1969 1945 2029 Nam
1992 1988 2185 2044 neque
2232 1968 2551 2045 quicquam
2595 1968 2658 2025 in
2707 1966 2849 2044 ipso

592 2058 848 2116 carmine
879 2054 1208 2119 Patricium
1240 2063 1542 2115 auctorem
1572 2057 1754 2115 fuisse
1785 2056 2010 2115 indicat
2042 2076 2234 2132 neque
2265 2059 2581 2116 verborum
2612 2058 2848 2115 formae

591 2146 845 2204 Patricii
890 2147 1258 2223 temporibus
1306 2146 1605 2220 quadrant
1651 2146 1747 2219 (cf.
1779 2144 2108 2203 Windisch.
2155 2145 2381 2204 Irische
2429 2144 2620 2203 Texte
2665 2167 2723 2222 p.
2773 2146 2846 2219 3)

591 2254 784 2309 neque
845 2235 995 2291 latet
1014 2277 1027 2304 ,
1099 2253 1275 2309 quam
1339 2233 1460 2292 vim
1518 2232 1781 2290 habeant
1845 2234 2081 2291 omnino
2140 2253 2542 2310 quaecumque
2590 2233 2652 2289 in
2697 2232 2846 2291 libri

591 2322 966 2397 Hymnorum
1020 2320 1493 2398 praefationibus
1554 2321 1627 2378 de
1688 2321 2054 2397 singulorum
2118 2323 2440 2380 carminum
2496 2321 2846 2380 auctoribus

592 2410 991 2469 inveniuntur.
1084 2410 1313 2483 Quibus
1372 2409 1444 2467 de
1500 2410 1692 2467 causis
1748 2411 2045 2469 canticum
2108 2411 2283 2483 illud,
2354 2413 2517 2485 cujus
2582 2410 2842 2487 primam

591 2500 948 2557 mentionem
1005 2500 1272 2556 fecerunt
1326 2497 1734 2556 additamenta
1781 2498 2099 2557 Tirechani
2146 2500 2274 2574 (lib.
2320 2496 2532 2556 Ardm.
2579 2498 2841 2556 Betham

592 2587 687 2659 H,
736 2608 872 2664 app.
933 2608 990 2664 p.
1038 2586 1385 2661 XXXVI),
1456 2607 1491 2644 a
1536 2585 1802 2644 Patricio
1862 2589 2086 2646 factum
2146 2608 2265 2644 non
2322 2607 2445 2645 esse
2504 2607 2615 2663 pro
2673 2594 2840 2645 certo

590 2675 926 2735 habendum
984 2682 1088 2733 est.
1182 2674 1519 2732 Genuinum
1575 2674 1629 2732 si
1685 2681 1840 2733 esset
1892 2675 2143 2733 Patricii
2198 2695 2370 2751 opu8‚
2431 2674 2508 2732 ad
2565 2681 2839 2734 nostram

594 2764 998 2839 quaestionem
1031 2764 1256 2821 nullum
1288 2761 1496 2821 afferet
1525 2768 1906 2821 momentum.
1967 2764 2141 2821 Licet
2179 2764 2367 2840 igitur
2395 2764 2467 2821 de
2509 2783 2577 2820 eo
2617 2770 2837 2821 tacere.

769 2852 1010 2912 Mallem
1055 2857 1252 2910 tacere
1298 2850 1479 2910 etiam
1525 2851 1600 2908 de
1647 2853 2010 2910 confessione
2048 2851 2300 2909 Patricii
2347 2857 2408 2909 et
2451 2851 2526 2909 de
2571 2851 2837 2926 ejusdem

594 2941 849 3018 epistula
896 2939 978 2999 ad
1024 2936 1363 2998 christianos
1398 2935 1652 2999 Corotici
1689 2938 1930 3017 tyranni
1956 2937 2213 2998 subditos
2244 2938 2349 3014 (H.
2381 2940 2499 2997 and
2530 2937 2619 2997 St.
2652 2939 2739 3011 II,
2774 2941 2834 3011 2,

590 3050 648 3105 p.
703 3030 827 3085 296
878 3049 1007 3103 sqq.
1068 3033 1129 3086 et
1186 3027 1312 3084 314
1369 3030 1550 3103 sqq.),
1625 3047 1776 3104 quae
1836 3027 2095 3105 genuina
2152 3026 2406 3084 Patricii
2466 3047 2646 3104 opera
2706 3047 2835 3084 esse

597 3132 799 3174 omnes
858 3116 980 3173 fere
1041 3115 1433 3174 consentiunt.
1524 3117 1679 3176 Nam
1742 3136 1893 3192 quae
1953 3115 2026 3172 de
2085 3115 2177 3172 his
2239 3115 2477 3190 scriptis
2539 3115 2836 3174 exsistunt

595 3204 996 3279 quaestiones,
1055 3204 1291 3261 omnino
1337 3203 1400 3261 in
1446 3205 1746 3280 praesenti
1792 3203 1942 3262 solvi
1987 3222 2105 3260 non
2150 3222 2320 3280 posse
2367 3203 2670 3275 videntur,
2728 3222 2831 3260 ne·

594 3292 733 3350 dum
778 3313 813 3350 a
858 3308 968 3349 me.
1060 3291 1515 3351 Vetustissimus
1572 3293 1729 3350 enim
1785 3292 1954 3367 isque
2010 3292 2180 3349 valde
2235 3292 2548 3350 mendosus
2606 3294 2829 3348 confes·

593 3381 775 3440 sionis
821 3379 1004 3439 codex
1051 3386 1246 3439 exstat
1291 3381 1356 3437 in
1401 3381 1552 3440 libro
1600 3379 2045 3451 ArdmachanO,
2116 3379 2372 3456 epistula
2431 3380 2686 3456 primum
2742 3379 2828 3435 in-

592 3470 832 3528 venitur
876 3469 937 3526 in
985 3469 1185 3527 codice
1234 3470 1487 3545 quodam
1533 3470 1683 3527 Mus.
1730 3468 1886 3525 Brit.
1929 3465 2168 3526 Cotton.
2213 3468 2375 3527 Nero
2420 3468 2474 3525 E
2513 3469 2541 3525 l
2595 3473 2656 3525 et
2699 3468 2830 3544 ipso

595 3558 1016 3616 confessionem
1075 3577 1309 3633 quoque
1362 3557 1710 3615 continenti.
1819 3555 2127 3613 Trecentis
2187 3556 2373 3631 igitur
2428 3563 2488 3615 et
2543 3556 2831 3632 quinqua·

593 3646 762 3721 ginta
807 3646 977 3704 annis
1021 3651 1160 3723 post
1204 3645 1455 3705 Patricii
1501 3650 1747 3701 mortem
1793 3644 2230 3702 vetustissimus
2287 3644 2391 3720 qui
2444 3650 2640 3702 exstat
2696 3663 2831 3702 con-

592 3733 861 3792 fessionis
904 3734 1088 3793 codex
1136 3739 1226 3792 est
1270 3733 1654 3810 conscriptus.
1713 3732 1922 3807 Neque
1969 3733 2145 3790 ullius
2192 3732 2472 3790 momenti
2518 3737 2625 3803 est,
2674 3732 2832 3807 quod

593 3843 628 3880 a
673 3819 976 3900 volumine,
1025 3821 1184 3903 quod
1228 3818 1520 3879 Pam-icius
1565 3838 1748 3877 manu
1791 3818 2130 3898 conseripsit
2174 3839 2282 3878 sua
2326 3820 2659 3895 descriptus
2707 3840 2831 3878 esse

592 3912 851 3970 traditur
897 3911 1023 3986 (lib.
1071 3910 1283 3968 Ardm.
1331 3908 1584 3966 Betham
1625 3907 1695 3964 II
1742 3928 1877 3985 app.
1924 3930 1980 3985 p.
2011 3908 2179 3983 LV);
2228 3928 2363 3965 nam
2411 3909 2542 3984 quis
2587 3908 2831 3966 librario

594 4000 834 4058 credat?
905 3998 1120 4075 Itaque
1167 4018 1297 4056 cum
1347 3996 1531 4054 codex
1577 3996 1730 4054 libri·
1762 3995 2172 4054 Ardmachani
2217 3997 2443 4055 mendis
2499 4002 2728 4055 scateat
2773 4004 2833 4053 et

592 4089 820 4148 lacunis
850 4108 1026 4164 saepe
1059 4087 1419 4145 deformatus
1450 4085 1546 4158 sit,
1596 4090 1656 4143 et
1702 4103 1833 4143 cum
1878 4086 2224 4161 posterioris
2271 4084 2555 4161 temporis
2603 4084 2832 4142 codices

593 4176 1030 4248 additamentis,
1074 4178 1144 4231 ut
1189 4173 1454 4230 nonnulli
1499 4178 1734 4251 putant,
1781 4173 2117 4250 saepissime
2164 4173 2322 4230 aucti
2371 4173 2492 4231 sint
2525 4206 2624 4244 —,
2679 4192 2833 4248 quae

592 4266 815 4323 fuerint
861 4259 1244 4322 confessionis
1275 4263 1460 4320 verba
1492 4260 1816 4339 disceptari
1845 4282 1962 4320 non
1997 4267 2219 4339 potest3
2268 4280 2459 4336 neque
2491 4260 2828 4332 defuerunt,

595 4353 696 4433 qui
758 4352 917 4411 aliud
973 4373 1008 4409 a
1062 4348 1324 4408 librariis
1379 4350 1647 4410 additum
1703 4350 1863 4408 aliud
1922 4351 2198 4408 omissum
2259 4369 2386 4407 esse
2448 4370 2521 4407 ex
2585 4348 2831 4408 libidine
