3134 5034
1437 334 1512 344 .-.
1612 300 1648 358 6
1748 335 1827 347 .-..

503 489 565 543 et
610 483 673 541 in
717 480 1015 541 Hibernia
1061 481 1379 560 praecipue
1427 500 1607 557 opera
1639 478 1965 538 Malachiae
2013 477 2446 556 archiepiscopi·
2474 476 2545 553 (†
2584 474 2751 535 1148

504 574 574 632 cf.
623 571 841 644 Sabell,
889 571 1149 646 Herzog,
1195 570 1272 627 R.
1318 569 1390 626 E.
1445 570 1498 626 l.
1541 568 1704 626 Aufl.
1754 568 1887 626 Art.
1935 567 2256 626 Malachiae
2303 568 2362 639 8,
2409 588 2466 644 p.
2517 566 2642 623 749
2693 572 2754 625 et

503 662 639 720 Art.
687 659 943 719 Culdeer
992 661 1059 732 3,
1122 679 1179 735 p.
1234 658 1384 733 198)
1446 664 1507 716 et
1567 658 1630 714 in
1692 657 1894 716 Scotia
1947 656 2220 733 inprimis
2281 655 2534 714 Davidis
2595 655 2752 730 regis

503 747 998 827 (1124—1153)
1047 754 1108 806 et
1153 745 1409 806 Roberti
1456 745 1748 823 episcopi,
1820 745 1979 803 illius
2025 745 2320 821 aequalis,
2392 764 2572 820 opera
2617 745 2751 802 sub-

504 839 733 898 stitutis
780 837 843 896 in
890 856 1089 895 eorum
1137 837 1330 894 locum
1379 835 1677 894 canonicis
1732 834 1841 892 sub
1890 834 2215 910 Augustini
2260 833 2466 910 regula
2513 832 2750 891 canoni·

505 928 617 986 cali
648 926 987 985 viventibus
1019 925 1241 1000 (Skeue
1272 923 1357 998 II,
1401 946 1458 1002 p.
1494 924 1624 982 384
1656 925 1830 1000 sqq.)‚
1922 923 2166 995 Tamen,
2215 923 2327 982 etsi
2375 922 2549 997 ejecti
2581 927 2754 980 erant

505 1038 577 1075 ex
617 1014 1018 1092 compluribus
1067 1015 1341 1087 ecclesiis,
1388 1015 1451 1072 in
1499 1012 1851 1089 quibusdam
1900 1013 2103 1090 paullo
2150 1012 2373 1072 diutius
2419 1010 2752 1089 privilegiis

504 1105 625 1164 suis
684 1104 1008 1162 utebantur
1072 1103 1291 1178 (Skene
1337 1102 1422 1175 II,
1483 1122 1540 1181 p.
1591 1102 1717 1159 399
1767 1121 1855 1177 sq.
1918 1102 2065 1159 404.
2129 1100 2256 1158 415
2306 1102 2477 1177 sqq.)‚
2539 1121 2750 1158 nomen

505 1193 684 1253 etiam
732 1191 953 1252 XVmo.
981 1193 1212 1251 saeculo
1260 1191 1520 1249 occurrit
1566 1190 1798 1266 (Braun
1844 1211 1901 1267 p.
1956 1191 2084 1266 10).-

684 1281 909 1341 Verum
959 1281 1260 1339 enimvero
1319 1279 1411 1338 his
1457 1278 1700 1337 Guldeis
1760 1279 1908 1338 nihil
1972 1278 2060 1337 rei
2122 1299 2246 1338 esse
2311 1299 2442 1338 cum
2502 1278 2752 1354 antiqua

426 1407 429 1411 ·
506 1372 820 1433 Scotorum
863 1370 1105 1428 ecclesia
1136 1369 1315 1428 dicae.
1407 1366 1604 1445 Atqui
1636 1367 1963 1441 Ebrardus,
2012 1368 2115 1445 qui
2160 1366 2438 1445 opinatus
2486 1367 2754 1444 legitima

505 1460 686 1519 fuisse
733 1479 931 1518 eorum
979 1457 1356 1517 matrimonia
1415 1477 1515 1516 eos
1576 1458 1736 1534 ipsos
1793 1457 2092 1535 legitimos
2149 1456 2425 1516 ecclesiae
2482 1456 2750 1515 Scoticae

506 1548 843 1608 sacerdotes
888 1547 1069 1606 fuisse
1116 1543 1308 1624 putat,
1358 1547 1532 1605 aliter
1563 1545 1808 1605 censuit.
1898 1546 2190 1622 Majorum
2223 1554 2462 1604 suorum
2494 1566 2600 1621 eos¹
2625 1565 2749 1604 esse

506 1637 760 1713 vestigia
808 1641 1039 1694 secutos
1085 1635 1378 1708 affirmat,
1449 1641 1510 1694 et
1555 1655 1629 1693 ne
1678 1635 1913 1693 omnino
1961 1634 2318 1694 testimoniis
2366 1641 2565 1693 careat
2607 1634 2753 1693 haec

508 1726 726 1803 opini0,
767 1729 892 1801 jam
939 1726 1072 1784 illos
1105 1723 1363 1784 Ouldeos
1396 1725 1733 1802 appellatos
1779 1723 1959 1782 fuisse
2008 1723 2330 1783 contendit.
2422 1723 2514 1781 At
2558 1724 2753 1800 ipsum

505 1815 912 1874 testimonium
944 1812 1285 1873 testimonio
1318 1819 1469 1891 eget.
1534 1812 1653 1872 Sed
1692 1813 1931 1889 longum
1966 1820 2056 1871 est
2086 1813 2283 1872 omnia
2312 1813 2461 1872 falsa
2492 1810 2754 1870 Ebrardi

506 1910 855 1981 argumenta
886 1904 1156 1962 refellere
1190 1905 1284 1978 (cf.
1319 1910 1528 1962 contra
1544 1902 1807 1960 Ebrardi
1840 1902 2392 1961 commentationem
2425 1902 2487 1959 in
2518 1901 2755 1960 Kahnis

506 1992 796 2052 Zeitschr.
827 1994 867 2051 f.
901 1993 956 2050 d.
1003 1992 1138 2052 hist.
1190 1992 1395 2051 Theol.
1449 1992 1573 2050 187
1583 1991 1619 2049 5
1667 2013 1725 2069 p.
1761 1989 1889 2050 465
1938 2011 2066 2068 sqq.
2113 1991 2387 2067 Loening
2434 1991 2485 2048 I.
2533 2011 2589 2068 p.
2623 1989 2751 2047 423

506 2088 628 2141 not.
682 2084 761 2158 1).
854 2082 1126 2153 Diluam,
1186 2101 1303 2157 quo
1350 2081 1724 2159 potissimum
1771 2080 1993 2152 utitur,
2051 2084 2482 2155 argumentum.
2576 2079 2754 2138 Teste

507 2171 662 2228 enim
709 2170 984 2229 Ebrardo
1029 2189 1244 2228 nomen
1291 2169 1652 2228 Guldeorum
1716 2170 1784 2227 in
1840 2188 2167 2227 sermonem
2214 2168 2464 2228 latinum
2513 2188 2752 2228 conver-

507 2280 636 2319 sum
683 2263 953 2340 apparet,
1000 2258 1338 2334 ubicunque
1384 2259 1448 2315 in
1495 2257 1637 2316 vitis
1683 2262 2039 2328 sanctorum,
2089 2257 2191 2333 qui
2237 2258 2331 2316 vel
2376 2257 2492 2334 ipsi
2536 2257 2600 2314 in
2640 2256 2752 2314 Hi-

506 2348 716 2407 bernia
757 2348 885 2406 nati
931 2352 1071 2405 sunt
1116 2347 1210 2405 vel
1259 2347 1473 2424 quibus
1521 2366 1654 2405 cum
1700 2347 1921 2405 talibus
1967 2346 2339 2405 necessitudo
2385 2347 2517 2420 fuit,
2564 2345 2756 2404 sancti

472 2438 595 2497 ‚illi
664 2437 817 2510 „viri
876 2436 1008 2495 dei“
1077 2437 1473 2513 appellantur.
1564 2434 1761 2512 Atqui
1821 2455 2033 2493 nomen
2097 2435 2358 2493 virorum
2421 2436 2517 2494 dei
2579 2437 2755 2512 longe

509 2527 684 2584 aliam
730 2525 850 2584 vim
897 2525 1141 2597 habere,
1190 2531 1372 2601 atque
1417 2525 1727 2582 Ebrardus
1772 2530 1979 2601 putat,
2024 2523 2163 2582 inde
2203 2528 2329 2600 jam
2376 2525 2755 2583 manifestum

508 2621 630 2687 est,
702 2615 859 2691 quod
904 2613 1209 2672 Romanae
1258 2633 1494 2691 quoque
1542 2612 1821 2671 ecclesiae
1867 2613 2058 2672 sancti
2104 2618 2173 2672 ut
2220 2613 2347 2691 ipse
2394 2613 2754 2684 BonifatiuS,

507 2704 909 2782 Moguntinus,
959 2709 1020 2761 et
1053 2702 1449 2774 willibaldus,
1496 2701 1985 2774 Eichstedtensis,
2033 2702 2097 2759 in
2141 2702 2404 2778 ipsorum
2437 2703 2577 2762 vitis
2608 2721 2753 2760 non·

508 2813 832 2869 numquam
878 2793 979 2850 illo
1011 2791 1247 2850 nomine
1279 2788 1677 2870 appellantur,
1725 2790 2095 2850 manifestius
2141 2792 2229 2864 fit,
2277 2792 2325 2850 si
2366 2795 2501 2868 jure
2533 2791 2756 2850 Skenio

507 2882 757 2957 aliisque
804 2880 1116 2940 Britannis
1163 2882 1412 2941 verbum
1445 2881 1804 2941 Culdeorum
1851 2881 2028 2939 aliter
2072 2880 2585 2957 interpretandum
2630 2899 2755 2938 esse

508 2972 698 3029 visum
745 2977 850 3028 est.
944 2971 1037 3028 De
1084 2990 1204 3070 (ξω
1248 2991 1313 3026 re
1359 2970 1546 3048 ipsius
1595 2969 1802 3028 Skenii
1847 2970 1959 3042 (II,
2001 2991 2059 3046 p.
2095 2969 2224 3053 251·
2255 2975 2378 3027 not.
2414 2969 2523 3044 44)
2572 2968 2756 3026 verba

507 3059 932 3117 transscribere
981 3058 1123 3115 mih1
1170 3058 1375 3116 liceat:
1443 3053 1672 3129 „Ceile“
1727 3057 1964 3134 (Ouldei
2010 3057 2165 3114 enim
2213 3076 2480 3114 sermone
2526 3056 2755 3114 Celtico

509 3154 648 3206 sunt
697 3145 962 3204 Ceile-de
1009 3147 1106 3205 vel
1138 3145 1427 3220 Uele-de),
1475 3145 1689 3221 inquit,
1744 3164 1847 3218 „as
1893 3166 1932 3203 a
1977 3143 2322 3204 substantive
2365 3162 2565 3202 means
2612 3139 2752 3201 litte·

507 3231 663 3313 rally
706 3232 928 3305 „socius
938 3239 964 3267 “
1027 3233 1369 3307 „maritus‘ss
1416 3231 1514 3292 but
1558 3232 1603 3292 it
1646 3231 1753 3292 has
1798 3253 1839 3291 a
1882 3231 2205 3310 secondary
2249 3229 2543 3311 meaning),
2599 3249 2755 3305 „ser-

508 3330 672 3383 vus“.
749 3319 867 3382 Dr.
900 3320 1118 3382 Reeves
1161 3321 1225 3382 in
1269 3321 1358 3382 leis
1402 3321 1565 3382 work
1610 3343 1686 3382 on
1730 3318 1821 3381 the
1853 3317 2085 3380 Boiash
2120 3316 2365 3380 Czddees
2409 3318 2622 3403 adopts
2666 3317 2758 3380 the

508 3413 829 3495 secandam
887 3410 1160 3493 meaniny
1174 3455 1192 3484 ‚
1263 3411 1387 3471 and
1446 3409 1738 3470 considers
1800 3407 1924 3468 that
1965 3408 2026 3468 alt
2078 3406 2128 3467 is
2183 3407 2398 3491 simply
2460 3405 2551 3469 the
2612 3406 2758 3469 irislz

509 3499 826 3582 equivalent
873 3499 946 3582 of
979 3519 1172 3560 servus
1219 3499 1317 3560 dez·
1327 3545 1342 3574 ‚
1404 3496 1587 3560 which
1601 3543 1619 3571 ,
1682 3497 1749 3558 he
1794 3518 1930 3578 says
1945 3541 1963 3570 ‚
2024 3517 2147 3557 was
2193 3495 2284 3556 the
2329 3497 2614 3579 ordinary
2660 3517 2754 3558 ea:-

498 3588 768 3673 pression
795 3589 909 3672 for
953 3610 992 3647 a
1036 3588 1238 3660 monle,
1284 3589 1407 3650 and
1451 3587 1623 3648 hence
1666 3596 1842 3648 παντες
1887 3584 2026 3646 with
2071 3583 2163 3646 the
2206 3587 2587 3667 assumption,
2635 3585 2758 3647 that

508 3676 599 3738 the
635 3674 912 3738 Cez'le-De
957 3697 1104 3737 were
1147 3677 1363 3758 simply
1405 3676 1626 3739 monks.
1721 3673 1970 3736 Ebrard
2001 3677 2098 3754 (de
2145 3697 2263 3752 quo
2308 3678 2425 3737 nisi
2470 3678 2582 3736 hoc
2627 3679 2757 3737 loco

510 3774 572 3827 et
614 3789 671 3844 p.
716 3769 842 3825 226
892 3767 1053 3844 apud
1099 3766 1400 3841 Skenium,
1445 3769 1559 3828 nisi
1606 3769 1800 3841 fallor,
1850 3786 1969 3825 non
2013 3765 2084 3825 fit
2129 3766 2378 3844 mentio)
2422 3763 2625 3847 rejects
2668 3764 2758 3825 the

510 3855 822 3939 render-inq
869 3854 942 3937 by
986 3875 1182 3915 servus
1229 3854 1339 3925 dei,
1387 3857 1508 3915 and
1552 3876 1828 3939 suffossas
1844 3901 1862 3927 ‚
1908 3853 2033 3915 that
2079 3853 2124 3914 it
2168 3853 2218 3915 is
2262 3851 2354 3915 the
2398 3852 2562 3915 Iri-sb.
2605 3853 2754 3937 equi·

509 3942 702 4004 valent
762 3944 835 4026 of
883 3944 973 4004 vir
1032 3943 1160 4014 alei,-
1228 3941 1326 4002 but
1370 3941 1480 4003 this
1524 3944 1575 4003 is
1620 3942 1737 4004 still
1778 3964 1941 4005 more
1985 3941 2406 4025 objectionable.
2514 3940 2621 4003 Vir
2664 3942 2760 4003 da·

510 4052 633 4092 was
679 4053 717 4091 a
763 4041 909 4092 term
954 4030 1199 4115 applied
1243 4039 1300 4091 to
1346 4028 1429 4092 all
1471 4031 1651 4092 saints
1696 4032 1771 4115 of
1802 4028 2088 4093 whatever
2133 4030 2311 4105 claasx,
2376 4032 2500 4093 and
2550 4031 2613 4092 in
2665 4023 2756 4092 the

511 4119 693 4202 litany
738 4120 812 4203 of
844 4116 1083 4201 Anyas,
1129 4118 1260 4181 who
1306 4118 1549 4203 himself
1582 4119 1716 4181 bore
1760 4120 1849 4182 the
1892 4141 2067 4183 name
2113 4119 2188 4202 of
2224 4118 2507 4181 Cede-De
2551 4141 2621 4180 ον
2664 4117 2756 4180 the

515 4206 729 4271 Culdee
777 4212 886 4285 (ca.
934 4211 1096 4287 800)
1142 4209 1187 4268 it
1229 4209 1280 4269 is
1326 4206 1648 4271 translated
1694 4206 1976 4283 Fer-De,
2040 4209 2139 4270 but
2182 4207 2245 4269 in
2289 4206 2382 4269 the
2421 4207 2637 4291 qlosses
2682 4228 2757 4268 on

512 4295 604 4358 tlae
641 4295 847 4371 Felire
868 4300 976 4373 (=
1009 4298 1369 4376 festilogium
1404 4300 1501 4358 vel
1539 4298 1769 4374 feriale)
1818 4297 1891 4380 (ff
1923 4296 2132 4380 Anyus
2178 4295 2268 4358 the
2315 4297 2483 4358 word
2515 4295 2665 4358 Ceile
2707 4295 2757 4357 is

456 4438 461 4441 μ
507 4385 737 4467 ylo-seed
771 4383 993 4458 Car-ait,
1043 4406 1110 4447 or
1137 4386 1410 4468 friend&
1501 4388 1640 4464 Ipse
1673 4386 1927 4447 Skenius
1959 4387 2103 4464 quid
2134 4388 2354 4446 sentiat
2398 4387 2471 4444 de
2517 4387 2756 4447 notione
