3134 5034
1186 337 1626 395 —.85-

289 520 488 585 nerat,
536 513 790 589 denique
838 514 1097 587 Tudam,
1162 515 1265 591 qui
1309 523 1524 575 tenente
1571 511 1764 573 adhuc
1796 514 2204 599 pontificatum
2241 507 2539 580 Colmano

288 602 352 661 in
411 602 992 679 Nordanhymbriam
1062 609 1311 662 venerat
1369 608 1430 662 et
1487 603 1729 662 summis
1789 605 1949 682 apud
2007 604 2538 681 Nordanhymbros

288 690 615 750 honoribus
660 692 996 750 habebatur
1006 736 1020 764 ,
1083 712 1423 769 quanquam
1479 691 1646 772 apud
1701 689 1906 752 Scotos
1960 692 2255 753 austrinos
2303 693 2364 753 in
2419 690 2533 753 ΙῚί-
2634 728 2661 755 0

289 777 491 838 hernia
534 778 796 839 emditus
835 776 1015 860 justa
1058 798 1283 839 morem
1336 778 1496 840 illius
1535 780 1881 861 provinciae
1935 790 2238 840 tonsuram
2291 802 2539 843 coronae

288 865 533 927 habebat
573 877 625 927 et
654 864 998 927 catholicam
1042 868 1317 947 temporis
1346 866 1653 948 paschalis
1681 866 1949 950 reyulam
1979 868 2314 930 observabat
2346 871 2538 948 (Beda

288 958 346 1015 h.
379 978 427 1015 e.
464 958 521 1034 3,
559 959 660 1030 26,
692 958 729 1035 ξ
761 958 933 1034 237).

472 1046 640 1119 Quae
685 1065 818 1103 cum
863 1046 951 1104 ita
989 1051 1217 1124 essent,
1277 1044 1406 1104 fieri
1451 1066 1570 1105 non
1626 1046 1851 1125 potuit,
1901 1048 2045 1123 quin
2105 1048 2361 1129 quaestio
2405 1046 2536 1129 fre·

287 1153 467 1215 quens
525 1142 578 1193 et
632 1153 852 1214 mayna
912 1133 986 1194 de
1054 1131 1445 1195 observatione
1499 1133 1764 1215 paschae
1830 1135 2084 1195 miretur
2152 1137 2313 1195 inter
2374 1137 2537 1216 ipsos

289 1222 501 1282 Scotos
546 1229 608 1282 et
655 1242 769 1295 eos,
816 1222 919 1303 qui
962 1222 1036 1283 de
1083 1218 1292 1283 Cantia
1337 1220 1427 1282 vel
1471 1222 1545 1283 de
1595 1219 1795 1285 Gallia
1839 1223 2194 1284 advenerant
2239 1225 2432 1301 (Beda
2479 1226 2537 1284 h.

290 1331 340 1371 e.
390 1313 447 1384 3,
497 1311 600 1384 25,
650 1312 686 1388 ἓ
736 1314 909 1388 226).
1001 1309 1125 1372 Sed
1182 1308 1325 1371 haec
1383 1311 1746 1372 dissonantia
1791 1310 2085 1392 paschalis
2145 1312 2541 1373 observantiae

289 1398 504 1459 vivente
563 1396 814 1459 Aedano
865 1399 1158 1482 patienter
1214 1398 1291 1459 ab
1348 1400 1615 1461 omnibus
1674 1398 2030 1461 tolerabatur
2089 1402 2170 1478 (h.
2218 1423 2264 1461 e.
2317 1404 2382 1475 3,
2432 1403 2535 1475 25,

294 1490 329 1565 ξ
381 1490 555 1565 226),
602 1488 869 1549 Finanus
930 1495 1153 1561 autem,
1202 1490 1444 1548 Aedani
1497 1510 1798 1549 successor
1843 1491 2266 1568 (651—661),
2315 1492 2539 1569 quippe

294 1579 397 1653 qui
443 1579 617 1635 homo
666 1584 820 1636 esset
866 1578 1167 1638 ferocioris
1200 1579 1399 1651 animi,
1446 1586 1721 1656 apertum
1767 1580 2183 1639 observantiae
2229 1581 2538 1639 Romanae

291 1666 694 1725 adversarium
741 1687 802 1725 se
849 1668 1146 1743 praebuit,
1194 1675 1256 1726 et
1317 1688 1448 1726 cum
1505 1669 1783 1727 defuncto
1831 1667 2064 1728 Finano
2108 1668 2428 1728 Colmanu's
2474 1670 2538 1727 in

293 1745 699 1834 episcdpatum
745 1755 1139 1829 successisset,
1185 1756 1364 1814 etiam
1410 1757 1654 1833 gravior
1698 1758 1860 1816 facta
1906 1763 1999 1817 est
2044 1758 2468 1818 controversia.

469 1844 633 1917 Quid
690 1844 874 1902 tun'c‘?
907 1913 911 1916 ¹
948 1844 1376 1904 Intermissane
1437 1851 1536 1904 est·
1589 1847 1954 1905 consuetudo
2017 1867 2151 1904 cum
2205 1846 2537 1905 Romanis?

294 1931 525 1991 Suntne
571 1938 740 1991 ortae
770 1932 1132 1992 'inimicitiae
1165 1934 1321 1993 sicut
1365 1934 1524 1993 inter
1554 1933 1835 1993 Britones
1868 1942 1929 1993 et
1958 1934 2302 2000 Romanos?
2346 1934 2537 1993 Immo

291 2020 500 2080 habita
546 2027 636 2080 est
682 2022 939 2098 synodus
986 2022 1047 2080 in
1093 2023 1453 2083 monasterio
1488 2022 2073 2083 Strenaeshalchensi
2120 2030 2359 2082 auctore
2406 2023 2540 2100 ipso

290 2130 432 2187 rege
481 2109 705 2170 Osviuo
739 2144 821 2154 -—
872 2115 932 2169 et
977 2111 1306 2189 composita
1351 2117 1444 2170 est
1489 2112 1909 2171 controversia.
1971 2112 2183 2172 Nonne
2229 2113 2375 2170 haec
2406 2112 2538 2190 ipsa

292 2219 385 2258 res
430 2198 896 2258 luculentissime
940 2200 1289 2277 comprobat
1332 2200 1444 2258 nisi
1494 2201 1819 2260 levioribus
1881 2199 2145 2259 diversas
2192 2220 2311 2259 non
2356 2201 2540 2258 fuisse

294 2287 569 2346 ecclesias
627 2287 941 2347 Scotorum
999 2294 1061 2347 et
1106 2288 1550 2347 Romanorum?
1598 2288 1773 2348 Adeo
1819 2289 2060 2348 levioris
2116 2290 2400 2348 momenti
2445 2290 2536 2347 fu-

296 2382 475 2436 erunt
518 2372 673 2436 aliae
716 2376 856 2435 illae
900 2373 1306 2437 ecclesiasticae
1352 2376 1500 2436 vitae
1529 2374 1895 2458 disciplinae,
1943 2378 2016 2437 de
2052 2378 2268 2455 quibus
2299 2386 2540 2456 praeter

293 2465 768 2524 observationem
829 2467 1164 2543 paschalem
1226 2467 1630 2526 controversia
1691 2473 1823 2525 orta
1885 2474 2015 2526 erat
2077 2465 2157 2543 (h.
2207 2487 2255 2524 e.
2317 2468 2353 2524 3
2371 2510 2385 2539 ,
2435 2466 2538 2538 25,

291 2555 327 2632 ξ
377 2554 554 2629 227),
599 2558 669 2611 ut
712 2553 881 2612 Beda
926 2555 1115 2613 solum
1161 2555 1224 2613 id
1269 2555 1586 2613 memoriae
1632 2555 1935 2633 proderet,
2001 2555 2161 2633 quod
2217 2555 2290 2612 de
2336 2556 2536 2613 obser-

289 2642 498 2702 vantia
557 2642 826 2719 paschali
884 2650 1081 2703 actum
1146 2650 1238 2703 est
1304 2644 1367 2702 in
1430 2644 1673 2719 synodo.
1763 2644 1975 2721 Neque
2035 2651 2236 2704 tamen
2299 2643 2541 2702 omnino

291 2732 650 2809 ignoramus,
718 2751 870 2808 quae
929 2732 1154 2791 fuerint
1200 2733 1350 2791 ali-ae
1394 2733 1533 2791 illae
1582 2733 2018 2792 controversiae
2065 2752 2292 2793 causae.
2382 2732 2539 2792 Nam

292 2820 471 2879 etiam
518 2818 593 2877 de
654 2824 901 2878 tonsura
953 2813 1079 2879 'non
1144 2821 1448 2879 minimam
1511 2822 1917 2897 quaestionem
1970 2819 2151 2879 fuisse
2197 2820 2365 2879 Beda
2411 2821 2542 2899 ipse

290 2915 385 2968 est
428 2908 600 2967 testis
647 2910 729 2982 (h.
776 2928 825 2966 e.
876 2909 932 2981 3,
984 2910 1085 2980 26,
1136 2910 1171 2986 ξ
1208 2910 1380 2986 236).
1452 2909 1775 2968 Praeterea
1833 2929 1984 2985 quae
2038 2910 2264 2967 fuerint
2310 2929 2538 2981 causae,

290 2998 651 3075 ignoramus.
729 2995 1164 3075 Suspicandum
1212 3004 1409 3057 autem
1455 3003 1547 3057 est
1593 2998 1667 3056 de
1713 2998 1930 3057 ritibus
1977 2997 2416 3070 ecclesiasticis,
2462 2998 2538 3056 de

293 3086 737 3145 consecratione
797 3087 1170 3145 sacerdotum
1218 3086 1363 3162 (vid.
1421 3106 1600 3164 supra
1658 3108 1717 3165 p.
1760 3088 1894 3163 ⁷76),
1957 3088 2032 3145 de
2091 3087 2326 3145 ratione
2390 3087 2538 3144 cele-

290 3173 558 3234 brandae
604 3175 997 3234 eucharistiae
1029 3175 1173 3251 (vid.
1220 3175 1378 3234 infra
1424 3176 1584 3255 apud
1616 3176 1742 3235 ool.
1774 3176 1952 3252 Lux.)
2000 3181 2061 3234 et
2106 3175 2180 3234 de
2207 3175 2351 3234 'aliis
2383 3178 2539 3251 ejus-

291 3263 456 3322 modi
517 3282 643 3321 esse
708 3262 1107 3341 disputatum,
1168 3263 1242 3322 de
1300 3265 1517 3340 quibus
1581 3264 1870 3323 sciscitari
1917 3272 2124 3324 nostra
2170 3284 2289 3323 non
2335 3265 2538 3335 refert,

291 3352 433 3428 quia
478 3352 607 3430 ipse
654 3352 867 3428 synodi
914 3358 1161 3413 eventus
1207 3352 1578 3413 demonstrat
1635 3354 1861 3412 leviora
1919 3353 2103 3411 fuisse
2164 3353 2269 3410 illa
2321 3353 2540 3410 omnia.

473 3439 793 3500 Colmanus
841 3442 1078 3518 quidem
1122 3433 1329 3519 pacem
1377 3450 1439 3501 et
1484 3441 1859 3501 concordiam
1921 3461 2053 3500 cum
2099 3439 2388 3500 Romanis
2448 3460 2542 3498 re·

291 3529 457 3608 spuit
489 3535 551 3588 et
580 3528 780 3589 videns
823 3538 1082 3609 spretam
1111 3550 1282 3589 suam
1312 3528 1643 3590 doctrinam
1681 3538 2002 3610 sectamque
2047 3548 2164 3590 esse
2207 3527 2540 3608 despectam

290 3616 609 3697 assumptis
653 3614 771 3689 his,
818 3618 1018 3695 iisque·
1056 3619 1280 3697 paucis,
1326 3618 1430 3700 qui
1470 3639 1606 3680 eam
1634 3617 1798 3700 sequi
1823 3615 2141 3689 voluer-wit,
2183 3616 2248 3678 in
2277 3614 2541 3677 Scotiam

288 3725 584 3788 reyressus
630 3714 711 3766 est
756 3707 952 3784 (Beda
996 3708 1053 3765 h.
1102 3728 1150 3766 e.
1201 3709 1257 3780 3,
1293 3709 1395 3780 26,
1445 3709 1480 3785 ξ
1517 3709 1692 3785 236),
1739 3708 1844 3766 sed
1888 3708 2019 3785 ipse
2064 3727 2171 3766 rex
2218 3712 2305 3780 et,
2354 3707 2457 3783 qui
2503 3727 2540 3765 a

291 3795 581 3854 Colmano
629 3800 921 3855 steterant
965 3797 1028 3854 in
1060 3796 1303 3873 synod0,
1337 3795 1500 3854 Cedd
1549 3797 1863 3875 episcopus
1910 3803 1971 3856 et
2001 3796 2190 3855 Hilda
2236 3796 2543 3855 abbatissa

290 3883 604 3944 Scotorum
667 3884 919 3961 vestigia
978 3885 1352 3961 reliquerunt
1406 3886 1487 3962 (h.
1535 3906 1585 3943 e.
1641 3886 1695 3958 3,
1746 3882 1849 3957 26,
1897 3886 1932 3962 ξ
1981 3886 2137 3961 236)
2195 3892 2255 3943 et
2315 3884 2542 3959 ubique

287 3974 354 4031 in
398 3972 721 4032 Britannia
767 3992 970 4032 omnes
999 3972 1193 4051 Angli
1237 3974 1407 4033 brevi
1450 3978 1719 4051 tempore
1767 3973 1843 4032 ad
1883 3973 2291 4032 Romanorum
2339 3973 2537 4030 amici-

291 4062 440 4120 tiam
485 4083 546 4122 se
594 4062 977 4121 contulerunt
1022 4068 1084 4121 et
1128 4063 1246 4140 ipsi
1278 4062 1460 4132 Scoti,
1510 4063 1615 4139 qui
1659 4063 1823 4121 inter
1852 4061 2087 4140 Anglos
2132 4062 2541 4132 morabantur,

290 4157 396 4210 aut
454 4170 665 4212 manus
726 4149 1011 4211 dederunt
1065 4147 1358 4211 Romanis
1413 4159 1516 4210 αυτ
1576 4170 1747 4210 suam
1803 4149 2102 4211 redieram
2152 4149 2237 4210 ad
2266 4148 2542 4231 patriam
2633 4149 2637 4152 ’

288 4239 371 4316 (h.
419 4260 470 4313 e,
522 4241 578 4313 3,
629 4240 730 4314 28,
779 4242 816 4319 ξ
864 4240 1037 4316 244).
1129 4240 1263 4315 Quo
1307 4241 1531 4300 factum
1579 4246 1695 4313 est,
1755 4245 1825 4298 ut
1873 4246 2131 4316 quatuor
2185 4240 2356 4298 annis
2401 4243 2542 4316 post

292 4329 581 4405 synodum
630 4328 1289 4388 Strenaeshalchensem
1337 4328 1706 4402 TheodoruS,
1752 4329 2229 4407 archiepiscopus
2276 4327 2537 4398 Cantua·

290 4417 512 4491 rensis,
559 4417 755 4476 Roma
799 4417 1013 4477 missus
1067 4419 1251 4494 (668)
1296 4421 1528 4476 tantam
1589 4417 1760 4476 brevi
1818 4424 2086 4495 tempore
2145 4418 2209 4476 in
2269 4417 2544 4476 omnibus
