3134 5034
1487 308 1927 363 ...76-

584 484 698 543 hoc
750 485 881 543 loco
935 485 1165 563 pariter
1208 484 1542 563 respuenda
1586 484 1668 543 sit
1710 490 1895 561 atque
1939 501 2151 561 supra,
2210 482 2318 541 ubi
2360 482 2435 541 de
2478 479 2835 541 Britonibus

583 575 880 651 agebatur
925 575 1023 648 (cf.
1068 594 1128 650 p.
1177 574 1262 631 25
1309 575 1442 650 sq.).
1515 573 1673 632 Nam
1716 572 1831 631 hoc
1876 591 2113 649 quoque
2157 573 2289 631 loco
2332 571 2677 630 testimonia
2705 587 2832 629 sae·

581 663 720 721 culo
763 662 1077 722 undecimo
1121 662 1326 741 priora
1367 681 1491 721 non
1536 668 1802 735 exstant,
1862 661 1979 720 uisi
2022 662 2180 719 forte
2223 666 2533 738 putamus,
2578 655 2837 719 canones

583 750 947 810 Hibernieos
989 752 1334 811 testimonio
1379 769 1505 810 esse
1549 770 1740 827 posse.
1814 748 2037 808 Exstat
2080 749 2333 808 enimin
2362 749 2693 807 Hibernica
2728 748 2834 806 iun

583 841 687 913 (cf.
720 860 905 917 supra
933 861 995 919 Ρ.
1021 841 1134 917 39)
1163 858 1455 899 canonum
1487 840 1850 911 collectione,
1881 858 2036 916 quae
2064 838 2130 896 in
2159 840 2291 915 ipm
2312 836 2835 912 Nordanhymbria

581 928 812 1006 scripta
856 948 983 989 esse
1026 929 1175 987 mihi
1217 928 1511 1001 videtur¹‚
1557 929 1883 1006 capitulum
1928 927 2139 1002 (lib.1‚
2186 925 2247 1000 5,
2291 926 2834 998 Wafflerschleben,

583 1016 1084 1095 IrUCampb)
1151 973 2547 1098 mdewfflmmmm'odmd‘fl
2638 1014 2835 1091 Atqui

582 1125 660 1164 ex
704 1106 1007 1166 veteribus
1049 1106 1440 1183 scriptoribus
1483 1105 1809 1184 repetitum
1855 1112 1949 1164 est
1986 1107 2085 1181 (ef.
2115 1105 2640 1164 Wassemchleben
2669 1104 2709 1161 L
2738 1107 2834 1180 c.)‚

583 1195 792 1271 itaque
850 1215 926 1253 ex
969 1196 1082 1253 hac
1124 1195 1257 1272 ipsa
1299 1196 1433 1272 lege
1478 1194 1635 1253 effici
1686 1213 1809 1253 uon
1854 1199 2081 1272 potest,
2139 1199 2285 1253 tunc
2327 1193 2640 1271 temporis,
2695 1211 2834 1250 eum

582 1284 924 1361 conscripta
978 1290 1073 1342 est
1113 1284 1210 1341 vel
1256 1284 1458 1360 potius
1501 1284 1832 1360 descripta,
1890 1283 2060 1341 illum
2105 1284 2301 1361 ipsum
2344 1301 2595 1354 morem,
2657 1300 2835 1358 quem

581 1372 898 1449 prohibere
944 1371 1180 1431 studet
1173 1373 1254 1429 iu
1297 1390 1410 1430 usu
1452 1373 1637 1431 fuisse
1680 1372 1843 1450 apud
1878 1370 2112 1431 Scotos.
2186 1371 2453 1431 Obstant
2494 1372 2654 1430 enim
2697 1385 2835 1445 gra

581 1460 826 1520 vissima
883 1466 1254 1536 argumenta.
1344 1459 1661 1534 Omittam,
1722 1461 1846 1538 qud
1902 1460 2074 1519 Beda
2131 1468 2342 1519 nan-at
2394 1461 2478 1536 (h.
2524 1480 2576 1518 e.
2624 1460 2683 1531 3,
2730 1456 2834 1529 22,

581 1551 620 1627 ς
670 1549 842 1624 214).
932 1548 1233 1607 Pisanum
1277 1548 1829 1609 Liudisfarnensem
1884 1569 2256 1609 consecrasse
2299 1548 2572 1609 ceddum
2616 1546 2835 1607 voeatis

578 1634 2835 1720 adseinmmwtevimnordmoefiom'soh'isduobucepiscopds-—nam

582 1725 755 1784 Beda
783 1726 935 1783 illud
964 1726 1218 1784 forsitan
1249 1727 1509 1798 finxerit,
1555 1727 1660 1785 sed
1690 1727 2027 1803 provocabo
2058 1727 2136 1785 ad
2167 1724 2539 1804 Stephanum
2567 1723 2832 1784 Eddium

582 1813 691 1873 vit.
736 1813 935 1872 Wilfr.
982 1814 1240 1887 XXIII,
1284 1816 1442 1874 Hah.
1487 1815 1602 1887 IV,
1653 1817 1684 1873 l
1735 1835 1873 1893 app.
1918 1835 1979 1893 Ρ.
2028 1816 2175 1874 689.
2268 1816 2449 1875 Teste
2508 1815 2667 1873 enim
2720 1814 2835 1873 hoc

581 1903 714 1961 loco
748 1901 1098 1963 Theodorus
1143 1904 1622 1983 archiepiscopus
1662 1923 1824 1962 anno
1871 1901 2000 1963 678
2045 1910 2169 1964 tres
2213 1905 2521 1983 episcopos
2573 1901 2830 1977 „inordi—

577 1999 716 2052 mdc
773 1988 966 2051 solitast
1033 1994 1425 2053 consecravit.
1513 1993 1706 2065 Num,
1769 1991 1822 2051 si
1880 1989 2194 2051 Scotorum
2257 2013 2423 2052 more
2481 1992 2833 2051 Theodorus

579 2097 724 2139 usus
788 2088 967 2155 esset,
1033 2081 1375 2159 Stephanus
1417 2082 1674 2154 Eddius,
1727 2081 2000 2140 Wilfridi
2042 2081 2458 2154 amicissimus,
2520 2081 2832 2152 omisisset,

581 2169 732 2227 illud
762 2169 956 2246 ipsum
989 2168 1302 2229 Theodoro
1331 2171 1482 2228 vitio
1514 2176 1749 2229 vertere
1765 2170 1796 2226 ‘1'
1870 2170 2036 2247 Ergo
2066 2170 2405 2246 negandum
2434 2190 2562 2229 esse
2590 2168 2833 2229 videtur

572 2260 703 2332 jam
760 2262 905 2316 tunc
966 2258 1124 2316 sicut
1180 2261 1393 2335 postea
1446 2258 1668 2317 saeculi
1711 2257 2047 2316 duodecimi
2088 2260 2461 2336 temporibus
2506 2260 2606 2334 (cf.
2648 2275 2833 2336 supra

579 2366 641 2424 p.
675 2346 787 2422 26)
831 2346 1015 2404 moris
1058 2345 1241 2405 fuioee
1273 2346 1587 2405 Scotorum
1633 2351 1704 2404 ut
1748 2347 2013 2423 episcopi
2057 2347 2133 2406 ab
2180 2367 2299 2405 uno
2331 2353 2831 2407 enumerarentur.

580 2433 691 2493 Sin
753 2434 952 2507 aliter,
1015 2434 1127 2492 hoc
1173 2433 1483 2494 Scotorum
1529 2435 1839 2513 proprium
1883 2454 2002 2494 non
2049 2442 2221 2495 esset.
2311 2436 2371 2496 N
2370 2455 2467 2494 am
2513 2453 2634 2493 nou
2677 2452 2832 2493 unus

580 2522 931 2581 Theodorus
992 2529 1203 2582 eontra
1260 2541 1515 2582 canones
1572 2524 1734 2582 solus
1786 2528 1909 2582 tres
1962 2524 2098 2583 illos
2155 2525 2465 2603 episcopos
2510 2524 2831 2596 ordinavit,

578 2611 687 2670 sed
732 2611 861 2688 ipse
905 2609 1236 2688 Gregorius
1279 2631 1441 2690 papa
1486 2611 1832 2689 Augustino
1863 2611 2057 2687 (Beda
2100 2614 2156 2671 h.
2189 2634 2239 2671 e.
2292 2615 2346 2685 1,
2396 2611 2500 2687 27,
2546 2615 2583 2691 ξ
2616 2613 2729 2690 64)
2772 2619 2833 2671 et

579 2698 924 2758 Bonifatius
955 2720 1116 2778 papa
1142 2700 1342 2773 Justo,
1373 2700 1557 2759 tertio
1590 2700 1919 2778 Augustini
1949 2702 2270 2762 successori
2295 2703 2490 2777 (Beda
2519 2702 2576 2760 h.
2598 2723 2652 2760 e.
2687 2703 2746 2775 8,
2772 2701 2831 2774 8,

576 2789 617 2865 ξ
654 2785 825 2865 109),
871 2788 1290 2862 concederunt,
1337 2793 1407 2848 nt
1459 2788 1751 2869 „eoeiyente
1795 2789 2261 2872 opportunum&
2312 2791 2425 2849 soli
2469 2791 2835 2849 ordinarent.

580 2876 874 2936 Attamen
919 2876 1234 2936 Scotorum
1281 2879 1590 2957 episcopos
1622 2880 1902 2937 canonice
1933 2880 2240 2939 ordinatos
2268 2899 2388 2939 non
2418 2898 2548 2939 esse
2579 2881 2831 2938 constat.

578 2965 737 3026 Nam
797 2966 1065 3043 prodidit
1109 2966 1279 3025 Beda
1337 2986 1496 3025 anno
1543 2967 1674 3026 665
1721 2967 2017 3028 defunctis
2055 2968 2390 3027 Deusdedit
2433 2967 2834 3027 Cantuarensi

580 3059 643 3112 et
687 3054 983 3112 Damiano
1028 3054 1296 3115 Roffensi
1342 3057 1571 3114 nullum
1616 3056 1681 3114 in
1724 3063 1856 3116 tota
1895 3056 2217 3116 Britannia
2261 3057 2443 3117 fuisse
2486 3057 2833 3135 episcopum

580 3142 862 3200 canonice
885 3142 1224 3201 ordinatum
1249 3151 1498 3222 excepto
1509 3145 1707 3218 Wine,
1726 3145 2011 3223 episcopo
2022 3145 2493 3204 occidentalium
2507 3142 2833 3216 Senonum,

579 3229 686 3306 qui
732 3230 794 3287 iu
838 3228 1038 3290 Gallia
1081 3238 1214 3291 erat
1258 3240 1635 3292 consecratus
1682 3234 1764 3308 (h.
1797 3253 1846 3291 e.
1896 3234 1954 3306 3,
2005 3234 2106 3306 28,
2154 3235 2189 3311 ᾗ
2223 3234 2396 3310 243).
2476 3234 2611 3308 Qua
2655 3234 2721 3291 iu
2765 3251 2834 3291 re

582 3317 696 3377 etsi
741 3317 910 3377 Beda
956 3320 1182 3380 erravit
1210 3353 1295 3367 ——-
1329 3323 1548 3382 oblitus
1595 3328 1685 3380 est
1731 3319 1887 3379 enim
1919 3321 2212 3381 Bonifatii
2239 3323 2631 3381 Domucensis
2674 3322 2833 3400 epis·-

577 3407 716 3484 copi
759 3408 843 3483 (h.
887 3427 942 3465 e.
990 3410 1048 3481 3,
1098 3409 1201 3483 20,
1247 3410 1283 3488 ἓ
1332 3411 1479 3482 209,
1527 3412 1599 3469 cf.
1630 3410 1853 3486 Bright
1898 3432 1956 3489 p.
1992 3411 2148 3488 212)
2185 3441 2284 3484 -·-,
2330 3417 2532 3470 tamen
2577 3417 2835 3489 appe-ret

579 3515 716 3554 eum
760 3516 953 3574 neque
1000 3496 1282 3572 Ceddum,
1329 3498 1724 3557 Orientalium
1771 3497 2075 3558 Saxonum
2123 3500 2482 3578 episcopum,
2528 3516 2565 3558 a
2595 3499 2831 3558 Fiuano

577 3592 988 3644 consecratum
1032 3606 1226 3663 neque
1270 3588 1319 3647 J
1318 3605 1691 3659 arnmanum,
1753 3587 2108 3646 Merciorum
2155 3589 2524 3666 episcopum,
2585 3587 2832 3647 natione

578 3670 846 3745 Scotum,
891 3680 961 3733 ut
1005 3675 1245 3734 videtur
1291 3676 1372 3752 (h.
1418 3693 1468 3733 e.
1517 3673 1576 3748 3,
1625 3675 1726 3747 24,
1776 3674 1812 3753 g
1849 3677 2023 3753 224),
2070 3673 2348 3735 habuisse
2389 3669 2503 3754 pro
2548 3676 2831 3736 canonice

579 3760 891 3821 ordinatis.
980 3762 1228 3823 Ritibus
1286 3763 1477 3841 igitur
1533 3764 1829 3840 diversam
1886 3765 2070 3824 fuisse
2123 3783 2160 3823 a
2204 3763 2611 3823 Romanorum
2667 3781 2832 3823 more

580 3849 1016 3912 ordinationem
1062 3852 1376 3912 Scotorum
1423 3851 1838 3929 suspicandum
1887 3857 1995 3912 est.
2079 3851 2362 3913 Fortasse
2408 3852 2575 3912 Secti
2617 3853 2832 3912 iisdem

579 3940 677 3998 vel
707 3939 999 3999 similibus
1027 3940 1246 3999 ritibus
1270 3940 1597 3998 utebantur
1618 3946 1798 4016 atque
1820 3941 2103 4000 Britones
2127 3942 2272 4018 (vid.
2294 3961 2479 4021 supra
2500 3959 2559 4019 Ρ.
2587 3942 2668 4000 26
2696 3944 2839 4018 sq.),·

579 4048 718 4086 nam
778 4028 988 4088 iisdem
1048 4029 1251 4087 verbis
1298 4027 1646 4087 Theodorus
1706 4030 2016 4107 episcopos
2074 4038 2138 4090 et
2182 4051 2219 4090 a
2262 4030 2458 4090 Sectis
2504 4037 2566 4090 et
2611 4049 2648 4089 a
2692 4030 2828 4089 Bri-

729 4184 749 4216 ²
788 4183 935 4239 Nam
983 4184 1124 4250 puto
1172 4195 1356 4250 neque
1402 4182 1463 4235 in
1500 4181 1782 4237 Hibernia
1820 4184 2093 4253 scriptum
2131 4202 2252 4239 esse
2288 4185 2375 4250 id,
2415 4183 2568 4254 quod
2604 4186 2829 4254 saepius

579 4254 832 4309 occurrit
868 4254 928 4307 in
966 4252 1055 4307 his
1082 4252 1404 4315 canonibus,
1446 4253 1887 4319 „Hibernenseffl
1914 4254 2161 4327 [dicunt]
2191 4253 2285 4309 vel
2323 4225 2602 4326 „eynodus
2628 4256 2828 4310 Hiber·

579 4326 806 4380 mrumst
825 4323 944 4408 ·(cf.
986 4322 1505 4390 Wesserschleben‚
1547 4324 1628 4379 Ir.
1668 4324 1816 4379 Kan.
1854 4341 1909 4395 p.
1939 4325 2057 4395 IX)
2097 4341 2280 4395 neque
2316 4298 2607 4381 'I'heodori
2642 4323 2828 4381 archi-

585 4395 841 4464 episcopi
879 4395 976 4464 qui
1012 4394 1282 4449 dicuntur
1318 4396 1497 4451 libros
1529 4397 1651 4466 jam
1687 4400 1822 4451 tuuc
1862 4395 2137 4451 Hibernis
2175 4397 2430 4469 cognitos
2470 4397 2659 4453 fuisse.
