3134 5034
523 1369 898 1445 Bonifatium
915 1430 929 1458 ,
987 1382 1344 1443 Germaniae
1392 1385 1753 1462 apostolum,
1809 1383 2157 1461 pontificum
2202 1382 2607 1441 Romanorum

365 1479 661 1554 legatum,
708 1474 1081 1553 prohibuisse
1097 1519 1111 1547 ,
1161 1473 1474 1550 quominus
1520 1474 1584 1531 in
1631 1472 1955 1532 Germania
2000 1473 2244 1532 ecclesia
2290 1473 2606 1531 constitue-

366 1571 549 1639 retur,
596 1585 748 1641 quae
778 1569 1013 1624 tantum
1044 1563 1136 1623 sui
1167 1563 1377 1622 similis
1409 1570 1580 1636 esset,
1627 1583 1701 1621 ne
1719 1562 1776 1632 [ii
1808 1562 2044 1639 quidem
2075 1568 2326 1640 possunt
2372 1582 2607 1639 negare,

369 1655 470 1733 qui
510 1657 645 1730 jure
692 1654 993 1712 affirmant
1040 1653 1343 1711 ecclesiam
1398 1653 1646 1711 liberam
1692 1652 2061 1730 temporibus
2110 1651 2287 1710 medii
2330 1651 2463 1711 aevi
2507 1671 2607 1708 ne·

370 1764 483 1820 que
525 1744 591 1800 in
623 1741 944 1801 Germania
975 1761 1166 1818 neque
1198 1741 1343 1800 alibi
1387 1742 1650 1819 potuisse
1699 1738 1996 1800 exsistere.
2086 1741 2239 1801 Nam
2286 1741 2445 1800 inter
2488 1760 2607 1798 om-

369 1852 473 1891 nes
515 1835 746 1890 constat
776 1830 1146 1888 Bonifatium
1193 1835 1271 1903 et,
1319 1831 1421 1906 qui
1467 1850 1613 1907 opus
1662 1833 1788 1905 ejus
1836 1830 2084 1906 excepit,
2132 1829 2412 1889 Oarolum
2444 1829 2608 1904 Mag·

369 1941 510 1979 num
556 1919 942 1978 fundamenta
982 1918 1194 2000 jecisse
1242 1919 1520 1977 ecclesiae
1564 1919 1726 1976 illius
1772 1917 2365 1977 romano-catholicae
2383 1962 2397 1990 ,
2461 1937 2611 1995 quae

368 2029 556 2086 usque
602 2007 679 2065 ad
725 2013 992 2085 tempora
1038 2007 1291 2065 Lutheri
1352 2007 1415 2065 in
1462 2005 1785 2066 Germania
1843 2002 2190 2084 perduravit
2249 2008 2610 2065 inconcussa.

370 2099 504 2172 Qua
550 2098 622 2156 de
671 2098 951 2156 causa2de
981 2096 1288 2155 Bonifatio
1336 2101 1496 2154 recte
1542 2116 1660 2154 non
1701 2095 2058 2172 judicabunt
2104 2095 2236 2168 nisi,
2285 2096 2388 2173 qui
2434 2115 2610 2173 quae-

368 2187 592 2259 sierint,
643 2186 746 2263 qui
790 2185 978 2245 fuerit
1022 2185 1084 2243 in
1117 2182 1439 2244 Germania
1487 2185 1763 2244 ecclesiae
1811 2190 2019 2257 status,
2067 2190 2385 2261 antequam
2431 2184 2612 2242 Boni-

371 2276 553 2334 fatius
601 2274 966 2335 adventavit.
1059 2274 1275 2351 Itaque
1324 2295 1454 2333 cum
1500 2274 1562 2332 in
1596 2272 1920 2333 Germania
1966 2280 2106 2333 ante
2138 2274 2508 2333 Bonifatium
2555 2278 2615 2332 et

372 2364 514 2442 ipsis
546 2362 841 2422 Bonifatii
871 2362 1241 2441 temporibus
1274 2362 1482 2423 Scotos
1511 2362 1912 2440 Britonesque
1944 2363 2391 2441 peregrinantes
2438 2383 2614 2439 eva-nx

372 2452 590 2529 gelium
623 2453 993 2529 praedicasse
1026 2457 1273 2525 constet,
1321 2452 1409 2526 iis,
1459 2473 1708 2529 quorum
1740 2452 1989 2512 interest
2028 2452 2154 2511 sine
2201 2453 2335 2511 odio
2384 2457 2446 2511 et
2490 2451 2616 2510 sine

373 2541 601 2600 invidia
646 2541 719 2600 de
765 2541 1071 2600 Bonifatio
1112 2541 1399 2616 judicare,
1447 2548 1585 2600 ante
1632 2541 1829 2600 omnia
1877 2542 2278 2618 quaerendum
2325 2547 2431 2613 est,
2478 2539 2613 2598 Bri-

371 2637 576 2690 tonum
623 2628 1053 2708 Scotorumque
1100 2629 1381 2689 ecclesiae
1426 2629 1629 2706 quales
1685 2631 1908 2689 fuerint
1963 2618 2190 2703 mores,
2256 2650 2405 2708 quae
2461 2628 2614 2688 ratio

375 2719 652 2778 credendi
698 2724 759 2778 et
804 2719 1062 2780 vivendi.

549 2807 701 2865 Eam
747 2808 937 2885 ipsam
984 2808 1060 2866 ob
1108 2828 1340 2867 causam
1382 2812 1507 2884 jam
1537 2806 1927 2884 Rettbergius
1975 2807 2048 2865 de
2080 2806 2386 2865 Bonifatio
2435 2807 2615 2865 verba

376 2897 640 2954 dicturus
700 2917 893 2973 pauca
951 2896 1023 2954 de
1085 2897 1404 2955 Britonum
1478 2897 1720 2956 ecclesia
1797 2896 2077 2955 disseruit
2138 2890 2612 2974 (Kirclaenqesch.

374 2979 808 3043 Deutschlands
852 2983 903 3057 Ι,
935 3006 992 3062 p.
1028 2986 1422 3062 317—324).
1512 2985 1597 3044 Et
1661 2986 1820 3062 quod
1878 2990 2023 3044 tunc
2068 2984 2354 3062 temporis
2402 3003 2614 3061 oppor-

375 3079 586 3132 tunum
633 3078 791 3145 erat,
853 3072 1029 3130 hodie
1076 3073 1469 3132 necessarium
1517 3095 1642 3133 esse
1690 3093 1858 3133 nemo
1905 3073 2235 3150 ignorabit,
2298 3072 2401 3150 qui
2461 3073 2615 3131 forte

374 3161 590 3238 legerit
606 3205 621 3234 ,
684 3181 834 3239 quae
895 3161 1204 3221 Ebrardus
1258 3163 1514 3240 vestigia
1576 3183 1825 3239 sequens
1872 3162 2100 3221 Heberi
2155 3157 2298 3237 (Die
2340 3159 2613 3220 vorkaro-

377 3246 689 3330 linyischen
740 3244 1242 3311 Glaubenshelden
1287 3270 1387 3309 am
1434 3247 1644 3310 Rhein.
1696 3252 1869 3327 1858)
1916 3251 1989 3308 de
2035 3250 2352 3310 Britonum
2409 3249 2614 3309 Scoto-

374 3358 623 3415 rumque
656 3340 899 3399 ecclesia
929 3339 990 3397 in
1035 3341 1222 3398 lucem
1269 3339 1523 3417 protulit
1564 3339 1844 3417 (primum
1876 3339 1939 3397 in
1970 3339 2255 3399 Niedneri
2288 3335 2619 3420 Zeitschrtft

362 3424 476 3509 fiir
515 3425 574 3486 d.
607 3425 803 3488 histor.
846 3426 906 3488 T
900 3424 1043 3489 laeol.
1095 3430 1244 3491 1862
1291 3436 1343 3486 et
1390 3430 1541 3488 1863
1588 3434 1647 3487 et
1692 3429 1885 3487 denuo
1932 3427 1995 3485 in
2041 3428 2212 3500 libro,
2262 3427 2365 3505 qui
2409 3427 2617 3484 inscri-

375 3516 540 3573 bitur
584 3511 704 3575 Die
745 3513 1166 3578 iresclzottische
1195 3513 1685 3577 Mssionslcirche.
1735 3519 1927 3593 1873).
2020 3517 2270 3590 Qualem
2317 3517 2389 3574 de
2436 3515 2617 3574 Boni·

378 3604 526 3662 fatio
571 3603 880 3665 Ebrardus
927 3606 1132 3665 tulerit
1178 3605 1562 3678 sententiam,
1612 3605 1832 3663 nemini
1878 3605 2158 3663 credibile
2204 3605 2320 3662 erit
2366 3605 2479 3662 nisi
2524 3604 2616 3676 iis,

380 3691 483 3768 qui
530 3691 715 3751 oculis
761 3713 911 3769 quae
955 3694 1264 3753 Ebrardus
1311 3696 1392 3773 (p.
1427 3694 1583 3772 454)
1631 3694 1869 3772 scripsit
1913 3694 2312 3772 inspexerint:
2375 3692 2616 3752 Bonifa-

377 3782 545 3854 tium,
594 3781 764 3859 regni
795 3780 1018 3841 Christi
1062 3783 1382 3856 inimicum,
1430 3803 1665 3842 servum
1696 3784 2090 3856 tenebrarum,
2138 3783 2425 3860 longaevo
2458 3781 2617 3842 vitae

378 3890 518 3929 suae
564 3876 830 3949 tempore
875 3872 938 3930 in
984 3872 1340 3930 destruendo
1387 3893 1570 3949 regno
1618 3872 1844 3932 Christi
1888 3879 2129 3950 peracto
2176 3872 2388 3930 merito
2435 3872 2618 3930 inter-

378 3960 599 4018 fectum
647 3980 773 4019 esse
821 3981 857 4020 a
901 3961 1175 4038 paganis,
1224 3961 1449 4039 quippe
1478 3962 1599 4039 -qui
1643 3960 1865 4039 pagani
1910 3981 2028 4020 non
2070 3965 2194 4039 jam
2239 3961 2518 4035 fuissent,
2568 3962 2619 4020 si

379 4048 479 4106 ille
523 4069 731 4109 revera
775 4049 1008 4123 fuisset,
1058 4050 1174 4127 *qui
1221 4049 1589 4124 nominatur,
1639 4049 1993 4110 Germaniae
2039 4052 2360 4129 apostolus.
2453 4051 2618 4124 Quae

380 4138 709 4211 sententia,
773 4139 884 4198 etsi
930 4159 1046 4197 non
1092 4159 1248 4198 nova
1294 4146 1385 4199 est
1429 4175 1516 4184 —-
1565 4139 2014 4200 Centuriatores
2060 4140 2217 4197 enim
2262 4139 2617 4216 Magdebur-

379 4246 589 4302 genses
612 4226 800 4285 simile
818 4228 1109 4302 ‚iudicium
1139 4228 1407 4288 fecerunt
1429 4263 1526 4302 —,
1559 4235 1758 4298 tamen
1790 4250 1944 4288 nova
1976 4227 2222 4286 audacia
2253 4229 2328 4287 ab
2344 4227 2617 4285 Ebrardo

379 4316 616 4392 prolata
661 4322 767 4375 est.
858 4316 1252 4376 Nihilosecius
1305 4319 1772 4377 commenticiam
1814 4339 1942 4377 eam
1991 4337 2116 4376 esse
2162 4317 2249 4374 ita
2295 4316 2618 4374 dilucidum

382 4410 490 4477 est,
535 4409 605 4463 ut
651 4404 753 4481 qui
798 4406 996 4482 paullo
1041 4412 1180 4484 post
1226 4405 1299 4463 de
1345 4406 1648 4467 Bonifatio
1696 4406 1992 4479 disseruit,
2037 4406 2356 4465 Muellerus
2403 4403 2615 4480 (Boni-

2160 4508 2190 4560 1
