3134 5034
1208 286 1651 350 ..w-.-

309 468 385 528 de
428 475 683 546 utraque
727 469 975 529 ecclesia
1020 469 1333 529 disseritur
1342 469 1384 528 ¹.
1459 469 1616 530 Nam
1662 468 1882 529 similes
1926 474 2066 529 sunt
2112 469 2331 543 multis,
2379 468 2545 529 dissi·

312 560 478 617 miles
524 559 796 637 pluribus
841 559 952 616 hae
998 559 1149 617 duae
1197 557 1492 617 ecclesiae.

485 648 713 707 Eadem
760 653 907 721 erat,
953 653 1024 706 ut
1069 653 1358 724 quantum
1403 648 1657 707 sciamus
1702 681 1786 692 —
1829 667 1966 705 nam
2011 647 2116 724 qui
2161 648 2345 706 fuerit
2390 644 2549 725 apud

310 735 521 796 Scotos
566 737 1095 795 consecrandarum
1136 736 1510 795 ecclesiarum
1542 756 1669 795 mos
1700 755 1941 814 prorsus
1973 735 2264 794 nescimus
2303 771 2376 779 —
2414 758 2546 795 exa-

310 826 526 893 minem
582 825 791 884 seriem
844 845 1042 883 rerum
1089 844 1268 903 supra
1312 825 1739 902 expositarum,
1801 825 2030 897 eadem,
2092 824 2359 900 inquam,
2421 831 2551 884 erat

310 915 448 973 festi
506 914 801 992 paschalis
863 913 1227 992 computatio
1237 957 1251 987 ,
1317 914 1521 973 eadem
1577 921 1856 974 tonsurae
1901 914 2115 987 forma,
2176 913 2420 987 similes,
2480 921 2550 973 ut

310 1007 611 1082 putatur„
647 1003 1038 1062 ordinationis
1098 1002 1249 1062 ritus
1302 1038 1375 1046 —
1428 1003 1534 1062 sed
1590 1002 1693 1061 alii
1748 1008 1921 1061 erant
1964 1002 2117 1061 ritus
2165 1003 2549 1061 celebrandae

313 1091 721 1165 eucharistiae,
767 1092 919 1150 alius
964 1091 1311 1169 baptizandi
1357 1110 1499 1152 mos.
1591 1091 1915 1157 Praeterea
1960 1092 2243 1149 nonnulla
2289 1091 2547 1151 invenie·

309 1200 440 1239 mus
500 1179 811 1241 Scotorum
870 1181 1137 1259 propria,
1201 1201 1354 1257 quae
1414 1181 1575 1259 apud
1635 1180 1916 1241 Britones
1977 1199 2095 1238 non
2153 1180 2547 1257 reperiuntur.

313 1268 528 1328 Totam
575 1269 749 1343 enim,
793 1276 864 1329 ut
911 1270 1103 1329 dicam
1153 1271 1312 1348 quod
1342 1270 1715 1348 potissimum
1748 1275 1854 1342 est,
1902 1268 2214 1328 Scotorum
2246 1269 2548 1328 ecclesiam

306 1358 676 1418 inveniemus
715 1359 1061 1418 monasterii
1090 1358 1263 1435 quasi
1292 1359 1543 1436 speciem
1578 1359 1978 1436 praebentem,
2027 1358 2340 1417 monachos
2369 1358 2548 1417 fuisse

307 1446 669 1525 reperiemus
714 1448 1024 1526 episcopos
1070 1454 1132 1509 et
1162 1468 1364 1507 omnes
1394 1468 1584 1526 paene
1616 1447 1949 1507 sacerdotes
1980 1466 2197 1522 eosque
2227 1466 2429 1505 omnes
2466 1482 2541 1491 -

306 1556 424 1594 non
457 1536 705 1597 exclusis
737 1536 1031 1616 episcopis
1062 1572 1137 1581 --
1168 1556 1612 1614 nonnumquam
1643 1535 1913 1596 subditos
1943 1535 2543 1614 abbati-presbytero.

483 1625 586 1686 Nil
631 1626 843 1684 horum
889 1626 1050 1703 apud
1081 1626 1392 1686 Britones:
1438 1625 1653 1685 famosi
1691 1625 1783 1683 illi
1826 1624 2162 1703 presbyteri
2209 1631 2270 1684 et
2300 1625 2547 1684 abbates

307 1713 372 1771 in
401 1713 720 1772 Britonum
766 1715 1012 1774 ecclesia
1058 1736 1178 1774 non
1222 1715 1613 1776 inveniuntur
1657 1715 1755 1790 (cf.
1786 1714 1867 1772 H.
1913 1713 2031 1775 and
2063 1712 2151 1772 St.
2184 1712 2234 1786 I,
2273 1734 2332 1791 p.
2369 1714 2548 1790 143);

309 1802 685 1880 episcopatus
742 1803 994 1862 formam
1041 1809 1102 1862 et
1158 1803 1522 1863 hierarchiae
1570 1808 1793 1863 statum
1845 1838 1920 1847 —
1973 1809 2219 1880 excepto
2268 1822 2336 1861 eo
2385 1803 2546 1878 quod

311 1889 851 1969 archiepiscopatus
898 1892 1153 1968 vestigia
1198 1913 1317 1952 non
1364 1898 1685 1952 occurrunt
1712 1926 1802 1936 —
1833 1892 1951 1951 alia
1994 1891 2198 1963 fuisse,
2221 1892 2380 1969 apud
2411 1891 2546 1949 Bri·

309 1986 480 2039 tones
535 1986 717 2056 atque
773 1980 837 2037 in
883 1981 1154 2040 omnibus
1201 1983 1328 2056 ejus
1374 1981 1591 2041 aetatis
1638 1980 1897 2039 ecclesiis
1942 1980 2029 2038 nil
2075 1985 2192 2052 est,
2256 1980 2411 2057 quod
2459 1979 2546 2037 in-

311 2069 483 2128 dicet.
545 2068 821 2144 Denique
853 2103 938 2114 —
974 2070 1133 2147 quod
1180 2069 1498 2129 maximum
1544 2074 1639 2128 est
1667 2069 1960 2146 —longe
2005 2068 2123 2127 alia
2168 2073 2345 2144 atque
2391 2068 2550 2127 inter

308 2157 588 2216 Britones
650 2163 711 2216 et
756 2156 991 2234 Anglos
1054 2159 1207 2219 ratio
1269 2158 1680 2217 intercedebat
1724 2157 1883 2217 inter
1925 2156 2161 2233 Anglos
2216 2163 2277 2216 et
2323 2156 2548 2217 Scotos.

307 2246 461 2307 Nam
494 2246 812 2306 Britonum
853 2267 999 2323 gens
1030 2246 1411 2306 infestissima
1443 2254 1575 2307 erat
1604 2245 2189 2323 Anglo-Saxonibus,
2239 2244 2546 2305 Scotorum

307 2340 543 2411 gentem
574 2333 800 2394 nationi
826 2332 1161 2416 Awylorum
1192 2354 1417 2415 semper
1445 2334 1864 2394 amicissimam
1878 2333 2071 2416 fuzbse
2099 2340 2360 2395 testatur
2380 2334 2549 2394 Beda

310 2425 391 2499 (h.
437 2445 486 2482 e.
535 2424 593 2497 4,
643 2426 723 2482 26
775 2424 811 2502 ἓ
864 2425 1035 2502 340).
1125 2425 1300 2486 Unde
1361 2426 1582 2485 factum
1641 2431 1757 2498 est,
1817 2431 1886 2484 ut
1940 2425 2338 2483 controversia
2391 2424 2549 2483 inter

310 2511 622 2572 Scotorum
682 2518 744 2572 et
789 2512 1125 2591 Anglorum
1187 2514 1462 2574 ecclesias
1521 2515 1736 2573 acerba
1796 2514 1897 2572 vix
1958 2519 2112 2573 esset
2166 2519 2228 2573 et
2280 2512 2551 2573 celeriter

308 2608 776 2680 componeretur.

490 2689 610 2749 Sed
654 2710 778 2749 rem
824 2691 1015 2769 ipsam
1062 2692 1495 2770 aggrediamur.

807 3041 1202 3126 Ecclesiae
1257 3040 2061 3126 Hiberno-Scotorum

309 3204 557 3265 historia
612 3225 799 3281 usque
857 3204 919 3263 in
962 3206 1181 3265 saeculi
1226 3204 1557 3265 duodecimi
1602 3212 1871 3286 tempora
1915 3206 2130 3265 fabulis
2175 3205 2262 3265 ita
2308 3212 2399 3264 est
2443 3207 2546 3265 ob-

307 3299 568 3367 scurata,
623 3301 693 3354 ut
754 3294 946 3353 adhuc
1005 3296 1078 3352 de
1139 3295 1342 3354 multis
1387 3295 1636 3354 saeculis
1682 3296 1784 3353 vix
1830 3296 2146 3371 quicquam
2194 3295 2343 3353 certi
2388 3295 2544 3352 affir-

309 3383 457 3441 mari
502 3382 709 3461 possit.
785 3382 903 3441 Sed
950 3383 1122 3443 nobis
1166 3383 1240 3442 de
1286 3384 1396 3442 hoc
1442 3390 1571 3443 toto
1619 3385 1903 3462 temporis
1943 3383 2136 3461 spatio
2169 3384 2452 3442 disserere
2484 3384 2545 3441 in

309 3473 503 3530 animo
564 3492 682 3530 non
744 3478 851 3531 est.
942 3473 1097 3533 Nam
1158 3472 1271 3531 etsi
1331 3473 1768 3533 controversiae
1827 3472 1988 3531 illius
2040 3472 2199 3531 inter
2243 3471 2546 3531 ecclesiam

311 3559 620 3619 Scotorum
640 3558 666 3596 2
730 3566 790 3618 et
847 3559 1254 3620 Romanorum
1316 3582 1452 3620 rara
1511 3561 1765 3639 vestigia
1824 3561 2251 3639 posterioribus
2311 3581 2546 3638 quoque

310 3648 677 3727 temporibus
735 3669 1175 3727 nonnumquam
1233 3656 1576 3724 occurrunt,
1637 3656 1838 3709 tamen
1883 3651 2115 3709 saeculo
2161 3655 2368 3710 octavo
2415 3650 2548 3729 ipsa

463 3823 482 3853 ¹
521 3820 811 3875 Ebrardus
851 3821 1147 3876 Britonum
1186 3822 1594 3891 Scotorumque
1646 3821 1913 3876 ecclesias
1959 3823 2101 3876 adeo
2153 3822 2430 3888 confudit,
2485 3827 2548 3876 ut

313 3890 750 3957 columbanum,
803 3890 1244 3959 Luxoviensem‚
1294 3894 1522 3947 natione
1561 3892 1905 3957 Hibernum,
1946 3893 2317 3947 Baneorensis
2355 3911 2544 3946 mona-

312 3964 473 4017 sterii
510 3965 569 4016 in
607 3961 890 4017 Hibernia
926 3963 1290 4033 discipulum,
1332 3966 1634 4019 educatum
1673 3981 1794 4018 esse
1830 3964 2074 4033 fingeret
2110 3964 2168 4016 in
2203 3966 2545 4019 monasterio

312 4035 659 4089 Bancorensi
696 4034 796 4099 „in
832 4034 1049 4088 Wale8“
1085 4052 1139 4103 p.
1182 4036 1266 4090 16.

458 4106 482 4138 ⁸
522 4105 721 4160 Scotos
760 4105 1080 4175 appellatos
1121 4123 1239 4160 esse
1279 4110 1497 4160 veteres
1533 4104 1849 4163 Hiberniae
1887 4106 2105 4160 insulae
2143 4106 2359 4161 incolas
2396 4107 2547 4158 inter

314 4193 504 4230 omnes
543 4180 766 4230 constat
804 4177 901 4247 (cf.
932 4176 1117 4229 Skene
1146 4175 1193 4241 I,
1234 4195 1287 4245 p.
1320 4177 1466 4241 137),
1506 4177 1609 4231 sed
1648 4177 1880 4231 dubium
1908 4181 2010 4241 est,
2052 4178 2276 4246 quando
2302 4176 2362 4231 hi
2389 4176 2545 4230 Scoti

312 4247 716 4317 occupaverint
752 4248 911 4301 illam
950 4247 1315 4301 occidentalis
1340 4248 1624 4302 Albaniae
1661 4249 1697 4301 i.
1728 4265 1774 4301 e.
1806 4247 2034 4301 Scotiae
2071 4248 2379 4301 hodiernae
2417 4265 2542 4316 par·

313 4326 447 4385 tem,
486 4336 653 4389 quam
691 4324 845 4372 certe
873 4319 1061 4374 medio
1087 4319 1310 4372 saeculo
1337 4324 1499 4373 sexto
1526 4319 1879 4373 obtinebant.
1944 4318 2120 4373 Fama
2146 4336 2292 4372 anno
2319 4318 2548 4372 circiter

315 4391 421 4444 500
456 4390 563 4443 hoc
602 4389 812 4443 factum
851 4407 971 4444 esse
1009 4389 1275 4457 perhibet
1313 4390 1530 4458 (Skene
1571 4390 1619 4455 Ι,
1660 4408 1716 4458 p.
1759 4390 1862 4445 139
1899 4392 2027 4459 sq).
