3134 5034
1436 217 1965 297 ⁹-34—

674 423 729 478 2.
764 420 1035 493 Quatuor
1094 418 1509 477 annotationes
1568 417 1694 476 sine
1742 417 1976 475 nomine
2024 418 2279 494 scriptae
2334 449 2422 459 -—
2474 414 2736 474 Betham
2800 414 2906 488 II,

757 529 896 587 app.
942 530 1000 586 p.
1046 507 1242 569 XVII
1288 528 1375 584 sq.

671 601 729 658 3.
758 599 940 657 Dicta
985 596 1259 668 Patricii,
1324 616 1474 672 quae
1533 592 1626 652 his
1683 594 1881 653 verbis
1926 595 2149 671 scripta
2195 599 2363 652 sunt:
2429 591 2726 652 Timorem
2785 591 2908 652 dei

757 683 939 744 habui
981 684 1190 745 ducem
1233 682 1451 743 itineris
1495 681 1612 740 mei
1644 701 1759 764 per
1807 677 2039 742 Gallias
2083 690 2253 762 atque
2300 678 2545 741 Italiam
2590 680 2776 742 etiam
2825 680 2900 739 in

756 771 973 843 inedie,
1019 792 1167 854 quae
1213 780 1344 831 sunt
1386 771 1449 831 in
1478 768 1638 829 mari
1675 769 1942 830 Terreno.
2019 765 2118 829 De
2148 767 2375 831 saeculo
2405 768 2752 850 requissistw
2790 763 2898 850 (¹2)

757 861 841 920 ad
885 858 1282 921 Paradzlssum
1326 860 1436 920 deo
1477 857 1705 940 qratiam
1749 855 2023 920 aeeclesia
2069 855 2378 918 Scotorum
2422 858 2606 917 immo
2636 855 2892 919 Roma-

755 969 967 1010 norum
983 995 997 1023 ,
1058 958 1121 1008 ut
1170 946 1491 1009 Christiani
1544 946 1629 1005 ita
1686 956 1750 1006 ut
1796 944 2063 1007 Romani
2117 946 2240 1009 sitas
2294 953 2355 1006 et
2400 953 2598 1006 cetera
2643 947 2895 1006 leviora

757 1038 1039 1113 (Betham
1085 1037 1171 1112 II,
1218 1059 1354 1116 app.
1400 1058 1458 1114 p.
1504 1035 1781 1112 XVIII).

671 1129 728 1186 4.
763 1127 1081 1186 Tireohani
1127 1126 1542 1186 annotationes
1576 1125 1856 1199 (Betham
1900 1125 1938 1182 l.
1987 1146 2035 1183 c.
2065 1146 2122 1202 p.
2155 1123 2779 1185 XVIII—XXXIV
2805 1123 2885 1205 ¹),

757 1236 902 1297 quas
933 1213 1161 1294 empsit
1200 1233 1271 1273 ex
1302 1233 1402 1274 ore
1433 1209 1517 1272 vel
1545 1209 1692 1272 libro
1733 1209 1793 1271 U
1790 1211 1939 1272 ltam'
1966 1211 2219 1293 episcopi
2245 1210 2409 1293 cujus
2439 1211 2563 1294 ipse
2591 1210 2887 1272 alumnus

759 1300 850 1364 vel
896 1300 1214 1383 disczpulus
1243 1300 1371 1385 fuit
1416 1303 1477 1378 (l.
1510 1323 1556 1360 c.
1591 1323 1649 1379 p.
1680 1302 1912 1361 XVIII
1959 1304 2030 1360 of.
2077 1303 2140 1360 in
2185 1303 2331 1379 ipsis
2378 1301 2882 1360 annotationibus

757 1414 815 1471 p.
847 1391 1015 1449 XIX
1061 1399 1336 1463 „testante
1379 1387 1526 1449 mihi
1564 1386 1777 1449 Ultano
1822 1389 2175 1472 episcopo‘q.
2250 1391 2385 1449 Hae
2432 1389 2882 1462 annotationes,

758 1481 808 1540 si
870 1480 1017 1538 fides
1076 1480 1192 1557 ipsi
1253 1480 1485 1539 auctori
1541 1485 1632 1538 est
1685 1479 1981 1551 habenda,
2045 1500 2177 1537 cum
2222 1479 2481 1537 Ultanus
2529 1499 2684 1537 anno
2736 1478 2875 1535 657

757 1567 974 1627 obiisse
1019 1567 1298 1627 tradatur
1327 1567 1551 1644 (Skene
1581 1568 1667 1642 II,
1713 1589 1771 1646 p.
1805 1567 1933 1625 425
1981 1574 2103 1627 not.
2142 1569 2266 1644 13),
2314 1567 2517 1626 eodem
2561 1569 2685 1625 fere
2714 1572 2875 1625 tem-

758 1677 902 1735 pore
949 1656 1319 1736 conscriptae
1367 1663 1520 1729 sunt,
1571 1676 1687 1733 quo
1717 1656 2012 1714 Muirchui
2057 1657 2183 1715 vita
2213 1657 2438 1733 scripta
2467 1675 2595 1714 esse
2625 1655 2874 1713 dicitur.

756 1746 964 1820 Neque
1012 1744 1327 1822 quicquam
1374 1745 1676 1818 habemuS,
1723 1764 1826 1802 cur
1871 1744 2101 1802 auctori
2147 1744 2323 1803 fidem
2365 1746 2716 1820 abrogemus
2748 1744 2877 1801 nisi

756 1833 906 1891 illud
948 1854 1005 1911 p.
1037 1833 1229 1891 XIX:
1277 1854 1315 1891 a
1354 1832 1629 1915 passione
1674 1841 1867 1892 autem
1911 1828 2133 1891 Christi
2174 1829 2529 1913 colloquatur
2573 1830 2718 1890 anni
2746 1834 2875 1891 436

755 1941 933 2003 usque
977 1921 1061 1982 ad
1103 1931 1349 1981 mortem
1395 1919 1659 1980 Patricii.
1734 1920 1837 1979 An
1884 1929 2137 1980 exeunte
2183 1922 2415 1980 saeculo
2461 1921 2711 1999 septimo
2751 1921 2872 1978 Hi·

757 2013 972 2070 bernos
1039 2012 1147 2069 tali
1205 2018 1538 2089 temporum
1599 2010 1994 2086 descriptione
2055 2030 2191 2069 usos
2258 2031 2382 2070 esse
2434 2009 2652 2087 putas?
2743 2008 2874 2068 Sed

760 2100 902 2176 quid
950 2101 1166 2171 obstat,
1215 2101 1527 2176 quominus
1573 2104 1846 2176 putemus
1893 2099 2127 2173 adjecta
2172 2119 2297 2158 esse
2329 2100 2511 2158 verba
2550 2097 2652 2156 illa
2683 2099 2760 2156 ab
2796 2118 2870 2155 eo

759 2189 862 2264 qui
904 2187 1123 2244 librum
1162 2186 1648 2246 Ardmaohanum
1693 2188 2086 2265 conscripsit?
2162 2187 2353 2246 Immo
2401 2208 2533 2245 cum
2577 2186 2872 2246 sermonis

759 2281 1101 2335 contextum
1148 2276 1503 2348 discindant,
1549 2296 1662 2353 pro
1710 2281 1871 2334 certo
1917 2297 2011 2336 res
2057 2277 2330 2335 habenda
2376 2282 2482 2335 est.

718 2408 730 2422 .
762 2364 1095 2423 Petitiones
1140 2364 1408 2423 Patricii.
1501 2364 1757 2423 Betham
1802 2366 1841 2422 l.
1888 2386 1937 2423 c.
1982 2387 2040 2444 p.
2087 2364 2364 2425 XXXV.

718 2497 731 2512 .
770 2451 1000 2527 „Aetas
1022 2453 1312 2511 Patricii“
1345 2487 1429 2503 η-
1453 2453 1642 2531 ipsius
1667 2453 1837 2511 annis
1861 2455 2158 2532 descripta
2180 2454 2292 2512 hoc
2315 2453 2511 2512 modo:
2557 2449 2695 2511 VII
2707 2473 2869 2512 anno

761 2539 1086 2619 baptizatus
1130 2549 1229 2611 est,
1281 2537 1352 2598 X
1393 2561 1547 2601 anno
1594 2549 1797 2623 captus
1843 2550 1952 2602 etc.
1997 2543 2255 2602 Betham
2301 2543 2340 2600 1.
2388 2563 2434 2601 c.
2483 2563 2537 2618 p.
2584 2541 2866 2601 XXXV.

758 2629 927 2686 Haec
972 2631 1153 2688 verba
1191 2665 1265 2672 -
1303 2629 1464 2707 apud
1495 2629 1876 2689 Bethamium
1920 2632 1959 2688 l.
1991 2653 2037 2690 c.
2068 2652 2127 2707 p.
2158 2630 2417 2691 XXXV
2450 2650 2649 2688 errore
2689 2637 2865 2707 typo·

757 2717 1042 2795 graphico
1097 2719 1341 2796 insuper
1386 2724 1667 2798 corrupta
1714 2721 1785 2777 cf.
1829 2719 2087 2779 Betham
2131 2719 2220 2793 II,
2263 2741 2321 2798 p.
2372 2720 2497 2777 386
2553 2752 2626 2762 —-
2680 2741 2715 2779 a
2761 2718 2865 2776 Ti-

756 2805 1010 2864 rechano
1057 2813 1219 2865 certo
1268 2808 1602 2885 conscripta
1647 2828 1765 2865 non
1811 2815 1966 2882 sunt,
2014 2808 2152 2885 quia
2197 2813 2536 2886 repugnant
2572 2807 2661 2880 iis,
2710 2827 2865 2882 quae

756 2895 821 2952 in
849 2895 997 2972 ipsis
1027 2897 1511 2955 annotationibus
1544 2895 1911 2956 Tirechanus
1941 2897 2193 2975 scripsit.
2262 2897 2416 2956 Nam
2446 2896 2543 2954 hic
2575 2897 2864 2973 scriptum

759 2989 850 3042 est
904 2986 1026 3053 „72
1082 3004 1266 3044 annos
1319 2983 1554 3044 domist
1601 2987 1699 3061 (cf.
1745 2984 2000 3044 Betham
2047 2985 2132 3058 II,
2187 3007 2245 3063 p.
2295 2985 2466 3059 386),
2523 2984 2645 3042 illic
2693 2984 2861 3042 Tire-

759 3073 979 3130 chanus
1025 3074 1210 3132 refert
1257 3075 1340 3151 (p.
1388 3073 1580 3151 XIX)
1626 3074 1957 3133 Patricium
2002 3075 2063 3131 in
2095 3073 2450 3131 Hiberniam
2497 3074 2726 3132 venisse
2772 3093 2858 3130 se-

759 3159 949 3218 cundo
997 3161 1155 3237 regis
1184 3162 1433 3239 Logairi
1477 3184 1632 3221 anno
1680 3170 1741 3222 et
1786 3169 2083 3220 mortuum
2129 3182 2255 3220 esse
2300 3162 2532 3220 duobus
2563 3162 2658 3220 vel
2690 3160 2857 3238 quin·

757 3269 870 3326 que
928 3251 1104 3308 annis
1164 3258 1303 3310 ante
1363 3252 1613 3310 eundem
1673 3248 1898 3327 regem,
1972 3250 2075 3326 qui
2138 3251 2219 3307 33
2277 3269 2462 3308 annos
2521 3250 2858 3326 regnavisse

755 3343 1085 3415 putaretur.

614 3471 619 3476 .
669 3429 726 3484 7.
761 3427 1032 3499 Quatuor
1064 3428 1493 3500 similitudines,
1543 3448 1694 3503 quae
1725 3426 1990 3484 Patricio
2025 3447 2156 3484 cum
2187 3428 2340 3485 Mosi
2374 3432 2544 3487 erant
2577 3426 2852 3503 (Betham

759 3516 796 3572 l.
845 3535 891 3572 c.
938 3538 996 3594 p.
1042 3515 1342 3593 XXXV).

667 3603 726 3659 8.
760 3601 1092 3663 Annotatio
1141 3606 1213 3664 de
1244 3606 1370 3664 loco
1403 3604 1507 3662 ubi
1537 3603 1835 3661 Patricius
1867 3604 2133 3680 sepultus
2165 3609 2253 3662 est
2285 3604 2564 3680 (Betham
2595 3603 2852 3679 ibidem).

672 3689 677 3693 ’
796 3690 933 3750 Hae
991 3693 1142 3751 duae
1189 3692 1602 3752 annotationes
1664 3692 1779 3749 sibi
1838 3693 2090 3751 invicem
2143 3699 2507 3770 repugnant,
2569 3713 2708 3751 nam
2760 3690 2858 3750 ubi

620 3798 751 3838 ossa
797 3776 918 3859 ejus
962 3779 1075 3839 siret
1118 3781 1406 3841 neminem
1448 3778 1671 3839 novisse
1714 3788 1973 3840 testatur
2006 3784 2062 3854 7,
2110 3788 2318 3840 contra
2359 3782 2399 3838 8
2431 3779 2534 3840 uba·
2559 3778 2853 3861 sepultura

618 3864 871 3927 Patricia·
912 3877 1051 3929 esset
1083 3870 1404 3929 Columbae
1435 3868 1673 3928 Hiiensi
1718 3871 2046 3929 revelatum
2079 3891 2203 3930 esse
2238 3870 2564 3929 confirmat.
2641 3869 2852 3945 Itaque

620 3958 694 4016 ab
744 3958 947 4016 eodem
996 3959 1250 4034 scriptae
1296 3977 1411 4015 non
1461 3962 1601 4016 sunt
1645 3959 1742 4034 (cf.
1792 3958 1988 4017 Skene
2034 3959 2120 4033 II,
2166 3981 2223 4037 p.
2273 3960 2445 4035 432).
2875 4023 2879 4026 Α

666 4048 722 4103 9.
756 4045 1087 4105 Annotatio
1142 4047 1215 4104 de
1260 4045 1532 4103 Palladio
1580 4052 1640 4105 et
1684 4046 1948 4105 Patricio
1997 4069 2031 4105 a
2077 4046 2416 4106 Coelestino
2461 4067 2619 4125 papa
2665 4046 2848 4105 missis

674 2363 711 2509 0³01

764 4256 785 4285 ¹
823 4254 1105 4323 Equidem
1133 4253 1433 4307 Tirechani
1469 4254 1679 4307 librum
1699 4260 1973 4308 vextrema
2009 4273 2065 4323 p.
2095 4253 2359 4308 XXXIV
2399 4256 2693 4310 terminari
2730 4272 2844 4324 per-

618 4342 947 4393 persuasum
984 4325 1123 4378 mihi
1159 4324 1358 4379 habeO.
