3134 5034
1503 299 1949 354 —74—

604 475 962 546 Caedvalla,
1023 474 1550 533 christianissimus
1608 475 1837 533 scilicet
1878 476 1981 533 ille
2022 474 2342 535 Britonum
2386 497 2495 534 rex
2539 478 2637 551 (cf.
2683 476 2851 536 Beda

602 567 662 624 h.
692 586 743 623 e.
777 565 838 636 2,
870 566 974 636 20,
1007 565 1234 641 ἓ147)
1285 563 1571 622 Aeduino
1622 562 2536 667 regibellumintulitetillo
2572 571 2854 642 superato

604 663 788 732 atque
831 654 1147 713 interfecto
1191 652 1825 727 Nordanhymbrornm
1868 654 2145 729 regiones
2198 655 2359 712 ferro
2410 654 2657 731 ignique
2701 654 2851 713 adeo

603 743 888 816 vastavit,
929 749 1002 800 ut
1043 741 1334 799 Paulinus
1377 742 1587 799 relicta
1630 743 1771 799 sede
1800 741 2189 801 cantuariam
2230 749 2655 802 reverteretur.
2714 743 2855 802 Una

605 852 747 893 vero
793 851 928 889 cum
971 830 1229 888 Paulino
1289 838 1354 888 et
1395 830 1530 907 ipsa
1574 830 1723 890 fides
1783 831 2109 890 christiana
2167 831 2457 891 discessit.
2546 832 2703 891 Nam
2748 833 2855 909 qui

604 920 952 981 Aeduinmn
1010 919 1201 978 secuti
1260 926 1402 977 suut
1463 940 1671 995 reges,
1730 920 2092 990 Bana-idus,
2156 920 2475 979 Ethilfridi
2531 921 2855 979 decessoris

607 1008 878 1070 Aeduini
921 1009 1100 1080 filins,
1143 1008 1210 1066 in
1252 1007 1552 1080 Bernicia‚
1599 1008 1859 1081 Osi-icus,
1902 1009 2093 1087 ipsius
2135 1009 2405 1067 Aeduini
2449 1010 2857 1081 consobrinae,

607 1101 672 1158 in
715 1099 923 1170 Deira,
968 1098 1206 1172 abjecta
1249 1097 1400 1169 fide,
1459 1118 1581 1173 qua
1638 1098 1742 1156 ille
1800 1099 1940 1157 exul
1996 1099 2063 1157 in
2108 1096 2315 1157 Scotia
2374 1098 2473 1157 hic
2516 1119 2555 1156 a
2598 1098 2859 1157 Paulino

607 1189 874 1247 imbutus
919 1193 1080 1257 erat,
1124 1185 1210 1245 ad
1245 1184 1482 1264 priscas
1525 1183 1956 1265 flamm-im
1997 1186 2201 1246 sordes
2242 1194 2621 1246 reverterunt
2665 1187 2861 1260 (Beda

608 1277 872 1348 h.e.3,
923 1278 978 1348 1,
1029 1276 1292 1353 5150).
1380 1273 1685 1350 Sedjam
1744 1283 2029 1353 sequente
2087 1274 2859 1335 annoabeodemCaed·

607 1366 770 1429 valla
829 1374 1086 1442 uterque
1142 1371 1492 1440 peremptus
1551 1370 1660 1422 est.
1752 1365 1888 1437 Quo
1948 1365 2213 1423 facinore
2257 1364 2581 1424 Caedvalla
2627 1365 2862 1424 nescius

610 1454 753 1515 fidei
799 1454 1161 1512 christianae
1205 1452 1364 1510 viam
1411 1453 1476 1511 ιιι
1498 1453 2089 1556 Nordanhymbriam
2131 1474 2341 1512 rursus
2378 1455 2635 1531 aperuit.
2702 1454 2864 1511 Nam

610 1544 948 1614 oswaldus,
1006 1541 1288 1600 Eanfridi
1343 1542 1534 1599 frater
1592 1549 1657 1600 et
1714 1546 1845 1617 ejus
1902 1542 2213 1619 Osricique
2272 1543 2337 1600 in
2395 1549 2525 1600 tota
2586 1543 2863 1602 Nordan·

610 1631 887 1708 hymbria
945 1649 1272 1701 successor,
1332 1636 1395 1688 et
1445 1631 1576 1707 ipse
1628 1649 1749 1689 una
1802 1652 1935 1689 cum
1994 1633 2185 1691 fratre
2229 1653 2267 1690 a
2310 1631 2511 1690 Scotis
2555 1632 2863 1702 educatus,

610 1727 786 1780 tanto
829 1720 896 1778 in
939 1719 1121 1777 exilio
1164 1739 1308 1795 erga
1354 1716 1663 1777 Christum
1707 1740 1905 1778 amore
1951 1728 2083 1779 erat
2126 1721 2421 1792 incensus,
2463 1726 2551 1793 ιιι,
2596 1720 2865 1779 simulat·

613 1829 730 1885 que
775 1829 883 1866 rex
925 1809 1121 1866 factus
1181 1815 1298 1880 est,
1359 1807 1671 1865 consilium
1731 1817 1997 1885 caperet,
2055 1816 2127 1867 ut
2185 1810 2409 1867 auxilio
2465 1829 2697 1880 eorum,
2760 1809 2867 1885 qui

613 1899 810 1978 ipsum
854 1896 1216 1969 erudierant,
1259 1896 1548 1974 populum
1594 1917 1768 1955 suum
1812 1897 1891 1955 ad
1934 1897 2113 1956 fidem
2156 1898 2484 1959 reduceret-

791 1986 1012 2062 Itaque
1071 1986 1296 2044 factum
1365 1993 1487 2058 est,
1557 1993 1629 2044 ut
1688 1986 1969 2045 Hiienses
2038 1993 2257 2063 rogatu
2324 1988 2485 2064 regis
2542 1986 2867 2045 Aedanum

615 2076 960 2154 episcopum
989 2076 1054 2134 ιιι
1084 2060 1669 2150 Nordanhymbriam
1698 2076 2007 2134 mittentes
2037 2076 2233 2150 (Beda
2260 2076 2321 2133 h.
2350 2096 2401 2133 e.
2438 2077 2497 2147 3,
2531 2077 2590 2147 3,
2634 2077 2671 2152 ξ
2708 2075 2867 2145 155;

618 2167 676 2236 5,
722 2166 758 2242 ξ
812 2166 964 2239 164)
1010 2164 1340 2221 dominium
1399 2183 1573 2221 suum
1618 2166 1713 2238 (ut
1754 2164 1845 2222 ita
1889 2165 2085 2223 dicam
2130 2184 2264 2223 cum
2308 2164 2504 2241 Beda)
2549 2165 2614 2222 in
2675 2164 2865 2240 ipsius

615 2254 813 2329 gentis
865 2252 1210 2328 Anglorum
1268 2253 1542 2327 regiones
1603 2259 2043 2329 propagarent,
2102 2274 2225 2311 non
2280 2253 2409 2311 dixi
2465 2254 2530 2311 in
2590 2253 2649 2313 N
2651 2252 2867 2312 ordan

613 2341 977 2443 hymbriam,
1038 2360 1178 2397 nam
1233 2360 1354 2398 non
1412 2340 1576 2400 solae
1619 2339 2035 2399 Berniciorum
2080 2347 2145 2400 et
2184 2341 2530 2400 Deiriorum
2574 2343 2869 2442 regiones,

616 2431 681 2488 ιιι
726 2430 944 2506 quibus
971 2428 1260 2487 Aedanus
1289 2429 1691 2506 episcopalem
1734 2450 1904 2488 suam
1942 2430 2142 2488 sedem
2173 2430 2567 2490 constituerat
2611 2432 2676 2488 ιιι
2722 2450 2867 2507 pen·

616 2520 813 2578 insula
841 2518 1339 2590 Lindisfarnensi,
1368 2517 1609 2574 Aedani
1654 2525 1719 2576 et
1761 2518 2053 2577 sociorum
2102 2538 2281 2596 opera
2326 2540 2497 2578 sacra
2540 2519 2870 2577 christiana

619 2612 1031 2684 susceperunt,
1092 2606 1198 2664 sed
1256 2612 1468 2681 postea
1526 2606 1708 2663 etiam
1754 2607 2165 2687 Hiddilanglis
2220 2614 2284 2666 et
2326 2608 2566 2667 llerciis
2624 2613 2871 2666 auctore

617 2716 758 2772 rege
813 2695 1018 2766 Osviu,
1080 2694 1344 2752 Oswaldi
1403 2693 1663 2772 primum
1723 2698 1905 2771 (anno
1969 2698 2125 2772 642)
2182 2697 2248 2756 ιιι
2292 2696 2599 2766 Bernieia‚
2654 2695 2870 2754 deinde

620 2785 1029 2859 (651—670)
1092 2784 1409 2841 interfecto
1470 2782 1712 2841 Oswino
1772 2784 1968 2859 (Beda
2022 2786 2082 2843 h.
2137 2806 2188 2844 e.
2237 2787 2306 2857 3,
2358 2786 2459 2858 14,
2504 2787 2540 2863 ξ
2593 2786 2746 2861 188)
2803 2784 2869 2843 ιιι

618 2882 750 2934 tota
777 2873 1305 2950 Nordanhymbria
1349 2892 1700 2945 successore,
1746 2873 1824 2932 ad
1868 2872 2046 2931 fidem
2094 2874 2480 2933 christianam
2508 2874 2869 2933 transeunti-

620 2965 734 3022 bus
779 2984 816 3021 a
861 2962 1117 3035 Finauo,
1163 2959 1405 3019 Aedani
1448 2980 1783 3020 successore
1829 2962 2255 3038 (651—661),
2309 2963 2621 3041 episcopus
2668 2983 2869 3021 conse-

626 3059 828 3111 cratus
874 3057 966 3109 est
1010 3059 1072 3108 et
1115 3050 1332 3107 missus
1361 3041 1587 3108 Diuma
1632 3052 1893 3127 quidam,
1939 3051 2184 3110 natione
2214 3051 2428 3111 Scotus
2474 3051 2667 3127 (Beda
2714 3052 2771 3111 h.
2818 3072 2869 3111 e.

624 3140 685 3212 3,
733 3140 837 3211 21,
884 3141 921 3216 ξ
969 3138 1097 3196 210
1145 3158 1302 3214 sqq.,
1350 3139 1423 3196 cf.
1472 3139 1531 3211 3,
1578 3140 1682 3212 24,
1728 3142 1764 3217 ἓ
1812 3141 1987 3216 223),
2041 3161 2271 3199 necnon
2333 3140 2539 3199 eodem
2599 3148 2871 3217 tempore

621 3228 803 3290 etiam
850 3226 1189 3285 Orientales
1235 3224 1502 3286 Saxones
1525 3226 1740 3311 fidem,
1786 3249 1968 3309 quam
2013 3226 2153 3288 ob‘m
2198 3232 2379 3305 (anno
2428 3232 2584 3305 616)
2629 3226 2871 3308 apul-30

621 3311 857 3376 Melino
901 3313 1178 3385 anti-fite,
1237 3316 1573 3393 Augustini
1631 3317 2057 3376 Cantuarensis
2116 3319 2304 3391 socio,
2365 3313 2726 3398 abjecerant,
2780 3317 2869 3376 in·

621 3404 836 3465 stantuz
877 3402 1034 3485 reqia
1069 3399 1250 3463 Osviu
1293 3414 1635 3484 receperunt
1678 3406 1761 3481 (h.
1806 3427 1857 3466 e
1906 3407 1965 3480 3,
1996 3408 2100 3479 22,
2146 3409 2183 3485 ξ
2215 3408 2371 3484 213)
2418 3414 2479 3466 et
2526 3410 2873 3486 episcopum

622 3499 981 3571 acceperunt
1025 3494 1261 3552 nomine
1308 3494 1503 3566 Cedd,
1563 3495 1810 3553 natione
1854 3494 2150 3572 Anglum,
2205 3503 2269 3556 et
2311 3495 2510 3574 ipsum
2555 3518 2592 3555 a
2635 3496 2872 3554 Finano

620 3589 1044 3641 consecratum.

800 3671 1020 3748 Itaque
1065 3671 1329 3749 exceptis
1359 3670 1770 3730 Orientalibus
1813 3672 2051 3748 Anglis,
2098 3673 2203 3750 qui
2241 3676 2369 3749 jam
2412 3674 2644 3751 pridem
2685 3673 2871 3748 (631)

623 3781 659 3818 a
706 3760 1050 3820 Cantuariis
1109 3761 1290 3818 fidem
1350 3759 1736 3819 christianam
1796 3766 1861 3819 et
1917 3761 2259 3839 episcopum
2305 3764 2543 3821 nomine
2587 3760 2870 3833 Felicem,

623 3848 686 3908 in
732 3849 1090 3927 Burgundia
1149 3855 1355 3907 natum
1418 3853 1480 3905 et
1539 3856 1962 3921 consecratum,
2023 3856 2376 3928 acceperant
2429 3851 2514 3926 (h.
2560 3872 2611 3909 e.
2660 3852 2717 3921 2,
2772 3850 2871 3922 15,

626 3940 662 4016 ξ
702 3940 870 4016 135),
902 3945 1036 3999 tota
1081 3958 1152 3996 ea
1181 3937 1536 3996 Britanniae
1565 3933 2131 4013 Anglo-Saxonicae
2174 3960 2332 4016 pars,
2380 3960 2532 4016 quae
2564 3961 2600 3997 a
2632 3938 2874 3997 Tamesi

615 4028 865 4086 flumine
924 4028 990 4086 in
1057 4024 1493 4104 septentriones
1549 4027 1747 4102 vergit
1760 4070 1777 4098 ,
1850 4027 2202 4086 Hiiensibus
2272 4035 2405 4087 erat
2471 4029 2741 4103 subjecta
2802 4047 2872 4086 ac

626 4116 861 4192 quidem
908 4136 1026 4174 non
1074 4114 1423 4173 circuitione
1457 4114 1714 4191 quadam
1744 4115 1850 4174 sed
1876 4115 1982 4188 ita,
2026 4122 2099 4173 ιιι
2138 4117 2468 4175 arctissima
2499 4114 2872 4175 necessitudo

623 4211 780 4264 esset
840 4205 959 4263 illis
1018 4203 1362 4280 regionibus
1423 4224 1554 4262 cum
1617 4204 1836 4263 abbate
1896 4204 2164 4278 Hiiensi,
2224 4209 2391 4280 cujus
2451 4205 2872 4263 auctoritatem

624 4293 1188 4371 archiepiscopalem
1214 4294 1512 4370 quandam
1535 4292 1720 4353 fuisse
1747 4298 1907 4352 certe
1930 4294 2193 4352 hocloco
2217 4294 2288 4353 fit
2310 4293 2872 4353 manifestissimum.

622 4382 778 4442 Nam
826 4386 887 4440 et
929 4379 1219 4442 Aedanus
1265 4382 1459 4458 (Beda
1504 4383 1562 4440 b.
1608 4403 1662 4444 e.
1712 4384 1769 4456 3,
1821 4383 1877 4440 3.
1924 4383 1959 4459 ξ
1998 4381 2121 4439 157
2173 4389 2234 4441 et
2287 4383 2438 4442 164:
2484 4381 2675 4464 sicque
2704 4378 2873 4441 illum
