3134 5034
1545 312 1975 371 ...62-

648 499 874 552 certum
923 498 1029 565 est,
1076 492 1128 551 si
1175 492 1278 568 qui
1322 492 1544 552 fuerint
1577 492 1775 552 clerici
1805 492 2208 551 monachicam
2240 491 2427 552 vitam
2460 512 2577 550 non
2617 490 2909 570 amplexi,

648 582 923 660 exiguum
968 582 1150 640 fuisse
1197 602 1508 640 numerum
1556 602 1774 641 eorum.

829 673 984 732 Nam
1029 670 1239 729 relicta
1283 671 1348 728 in
1379 670 1572 730 medio
1604 672 1708 729 illa
1740 655 2086 749 quaestione
2133 691 2242 748 pro
2276 677 2439 730 certo
2471 670 2909 728 affirmandum

648 767 739 820 est
784 761 849 819 in
897 761 1147 837 singulis
1194 760 1491 837 parochiis
1537 760 1669 838 ipsa
1714 760 2073 819 monasteria
2117 761 2230 834 ita,
2276 781 2350 819 ne
2397 760 2591 819 dicam
2645 779 2908 832 omnem,

650 856 810 909 certe
857 851 979 908 fere
1026 869 1256 907 omnem
1304 849 1634 908 animarum
1691 870 1891 908 curam
1946 849 2195 926 gessisse
2252 847 2475 926 (Skene
2520 847 2626 921 H,
2679 870 2744 928 p.
2800 850 2908 923 72)

648 946 718 998 ut
763 938 1035 997 monachi
1082 939 1175 997 vel
1221 938 1469 997 abbates
1500 939 1838 1017 presbyteri
1867 939 2148 1017 parvulos
2189 938 2570 1017 baptizarent
2606 938 2907 1014 (Adamn.

650 1028 754 1086 vit.
804 1026 931 1086 Col.
981 1029 1038 1101 2,
1087 1028 1168 1084 47
1219 1048 1276 1105 p.
1327 1027 1483 1101 2153
1534 1030 1601 1101 2,
1654 1028 1763 1101 63,
1811 1050 1869 1106 p.
1921 1029 2073 1105 220)
2136 1027 2436 1105 improbos
2501 1027 2909 1103 objurgantes

651 1117 1017 1194 corrigerent
1063 1116 1169 1193 (ib.
1220 1119 1272 1194 1,
1310 1118 1411 1189 40,
1457 1139 1515 1195 p.
1550 1118 1704 1192 212)
1751 1117 1940 1194 iisque
1985 1117 2390 1194 poenitentiae
2439 1136 2763 1175 mensuras
2811 1115 2908 1174 de-

649 1206 890 1265 finirent
954 1207 1058 1282 (ib.
1112 1207 1166 1278 l,
1221 1207 1317 1276 17,
1364 1228 1422 1284 Ρ.
1473 1207 1646 1282 204),
1710 1206 2127 1265 eucharistiam
2186 1206 2248 1263 in
2307 1207 2583 1284 proxima
2651 1205 2909 1264 ecclesia

650 1295 1063 1354 celebrandam
1111 1302 1405 1368 curarent,
1451 1296 1599 1373 ipsis
1647 1296 1884 1371 synodis
1932 1296 2206 1355 adessent
2239 1295 2341 1371 (ib.
2379 1297 2434 1367 3,
2470 1294 2575 1368 85,
2628 1317 2693 1373 Ρ.
2732 1294 2907 1369 228),

649 1384 902 1462 denique
972 1385 1421 1462 quibuscunque
1496 1385 1779 1448 laicorum
1857 1385 2174 1444 aerumniis
2246 1391 2534 1461 quantum
2612 1388 2907 1461 poterant

654 1495 852 1532 curam
900 1474 1253 1533 adhiberent
1298 1475 1402 1548 (ib.
1451 1494 1499 1532 e.
1546 1495 1604 1550 g.
1654 1476 1712 1548 2,
1763 1476 1864 1546 74,
1911 1495 1967 1552 Ρ.
2018 1475 2191 1551 224).

663 1565 674 1580 ’
831 1563 949 1622 Sed
996 1563 1169 1636 absit,
1217 1569 1284 1622 ut
1328 1568 1501 1641 putes
1547 1564 1634 1621 ita
1664 1564 1991 1642 descriptas
2022 1564 2202 1622 fuisse
2233 1563 2366 1621 illas
2396 1563 2903 1621 monasteriorum

653 1652 987 1730 parochias,
1058 1658 1127 1711 ut
1192 1653 1412 1710 nemini
1480 1653 1686 1711 liceret
1754 1654 1817 1711 in
1880 1653 2124 1712 alterius
2193 1652 2538 1711 monasterii
2611 1651 2904 1730 parochia

653 1741 996 1800 ministeriis
1044 1741 1455 1800 ecclesiasticis
1501 1742 1689 1819 fungi,
1745 1777 1820 1785 —-
1870 1763 1902 1799 e
1950 1743 2246 1801 contrario
2293 1742 2576 1819 permulti
2637 1741 2736 1799 illi
2782 1761 2900 1798 mo-

657 1830 855 1903 nachi,
916 1832 1019 1906 qui
1064 1830 1287 1889 relictis
1347 1831 1560 1908 patriis
1606 1831 1948 1908 regionibus
2003 1832 2152 1890 alias
2197 1832 2423 1890 insulae
2468 1838 2685 1908 partes
2732 1850 2900 1908 pera-

655 1920 915 1996 grabant
960 1920 1104 1994 (vid.
1150 1920 1348 1997 infra),
1394 1920 1635 1979 minime
1676 1921 1848 1979 vetiti
1898 1926 2068 1979 erant
2114 1941 2220 1979 nec
2264 1920 2575 1998 baptizare
2610 1919 2898 1996 (Adamn.

655 2010 762 2069 vit.
795 2008 923 2070 001.
971 2011 1026 2083 2,
1061 2011 1163 2082 47,
1209 2030 1266 2086 Ρ.
1302 2010 1455 2086 215)
1504 2031 1611 2068 nec
1658 2009 2076 2069 confitentibus
2106 2030 2345 2088 operam
2378 2009 2520 2067 dare
2554 2009 2669 2085 (ib.
2711 2009 2768 2076 1,
2806 2008 2898 2077 17,

656 2120 714 2176 Ρ.
765 2099 936 2175 204),
996 2099 1139 2157 item
1200 2100 1387 2171 absit,
1435 2105 1504 2157 ut
1566 2103 1740 2177 putes
1802 2098 2073 2158 omnibus
2135 2099 2507 2157 monasteriis
2568 2099 2734 2156 hanc
2780 2103 2894 2154 tam

658 2194 882 2246 arctam
929 2207 1060 2245 cum
1106 2188 1273 2246 laicis
1318 2187 1808 2247 necessitudinem
1839 2188 2019 2246 fuisse
2067 2194 2128 2246 et
2160 2208 2359 2246 omnes
2392 2188 2722 2246 monachos
2751 2187 2894 2244 hanc

659 2277 1075 2334 canonicorum
1122 2276 1374 2353 speciem
1421 2277 1777 2354 praebuisse,
1829 2311 1902 2321 -
1958 2297 1989 2335 e
2037 2278 2333 2336 contrario
2389 2278 2651 2336 alterum
2716 2273 2891 2353 quod-

658 2366 795 2423 dam
842 2370 902 2423 et
947 2365 1438 2423 monasteriorum
1485 2372 1545 2424 et
1586 2364 2002 2424 monachorum
2034 2386 2235 2442 genus,
2283 2366 2791 2437 anachoreticum,
2832 2367 2891 2419 ut

657 2455 744 2514 ita
790 2454 1001 2525 dicam,
1047 2454 1111 2511 in
1158 2455 1403 2513 ecclesia
1435 2453 1746 2514 Scotorum
1788 2455 2085 2514 exstitisse
2130 2456 2289 2515 infra
2332 2456 2704 2528 videbimus;
2753 2470 2893 2513 nunc

653 2547 779 2619 jam
824 2549 1058 2621 tempus
1106 2550 1212 2616 est,
1259 2550 1327 2602 ut
1359 2544 1661 2621 expositis,
1708 2564 1859 2619 quae
1907 2545 1980 2602 de
2011 2546 2503 2604 monasteriorum
2536 2544 2890 2603 auctoritate

660 2633 992 2709 generatim
1024 2632 1272 2691 dicenda
1306 2639 1493 2705 erant,
1518 2633 1826 2691 redeamus
1849 2634 1925 2692 ad
1949 2634 2207 2711 priorem
2233 2654 2435 2692 earum
2462 2635 2881 2710 quaestionum,

663 2742 808 2798 quas
870 2741 1051 2798 supra
1097 2722 1180 2798 (p.
1231 2721 1340 2798 57)
1404 2721 1835 2799 proposuimus.
1928 2723 2293 2797 Quaeramus
2354 2723 2541 2799 igitur
2587 2744 2741 2798 num
2790 2720 2879 2779 sin-

659 2810 864 2887 gulare
896 2810 1094 2882 fuerit,
1127 2811 1285 2887 quod
1317 2811 1502 2870 abbas
1534 2811 1801 2870 Hiiensis
1845 2812 2225 2889 presbyterus
2264 2818 2436 2871 tanta
2468 2814 2634 2890 apud
2667 2817 2887 2889 septen·

658 2899 943 2960 trionales
991 2897 1199 2959 Scotos
1247 2907 1309 2960 et
1353 2900 1512 2977 apud
1558 2921 1759 2960 omnes
1804 2900 2011 2960 Pictos
2055 2901 2309 2960 florebat
2355 2902 2738 2961 auctoritate.

840 2988 1018 3047 Certo
1066 2989 1383 3066 singularis
1445 2997 1577 3049 erat
1636 2995 1697 3049 et
1756 2997 1926 3049 tanta
1986 2991 2312 3050 auctoritas
2374 2995 2435 3048 et
2452 3033 2466 3062 ,
2529 2992 2651 3049 nisi
2712 2987 2888 3053 fallor,

660 3083 831 3136 tanta
877 3079 1202 3136 auctoritas
1248 3078 1483 3137 abbatis
1530 3079 1881 3155 presbyteri.
1971 3080 2214 3140 Nullum
2262 3080 2417 3137 enim
2478 3080 2644 3138 aliud
2701 3093 2887 3135 mona-

663 3168 910 3226 sterium
958 3166 1018 3223 in
1066 3167 1291 3226 cunctis
1335 3168 1573 3244 populis
1634 3169 2032 3246 principatum
2090 3169 2351 3228 tenuisse
2412 3187 2595 3245 supra
2659 3171 2742 3246 (p.
2793 3161 2888 3234 56)

654 3258 783 3329 jam
832 3255 1083 3314 vidimus
1119 3291 1201 3300 ——
1232 3276 1421 3332 neque
1467 3256 1580 3316 hoc
1625 3277 1808 3315 unum
1855 3259 2235 3335 conspicuum
2282 3264 2388 3316 est.
2451 3256 2646 3315 Immo
2695 3247 2889 3314 abbati

662 3344 902 3403 Hiiensi
963 3344 1140 3402 etiam
1190 3346 1496 3425 episcopos
1561 3347 1858 3421 subjectos
1905 3347 2083 3405 fuisse
2145 3367 2263 3405 non
2308 3348 2466 3406 solus
2512 3346 2684 3404 Beda
2730 3337 2889 3401 testis

663 3439 754 3492 est
800 3435 1006 3511 (supra
1049 3455 1107 3511 p.
1157 3434 1283 3511 57),
1332 3437 1433 3495 sed
1482 3436 1679 3506 etiam,
1727 3435 1971 3511 quinam
2016 3436 2238 3495 fuerint
2299 3436 2386 3494 illi
2443 3435 2725 3512 episcopi,
2782 3445 2887 3487 non

662 3524 1025 3600 ignoramus:
1073 3523 1468 3584 Lismorensis
1516 3524 1737 3599 (Skene
1784 3524 1871 3597 Π,
1917 3545 1973 3599 p.
2028 3525 2196 3601 133),
2245 3524 2750 3602 Cingaradhensis
2795 3516 2887 3593 (ib-

664 3619 725 3671 et
770 3612 850 3670 H.
898 3611 1015 3669 and
1061 3611 1148 3671 St.
1197 3613 1282 3684 II,
1338 3616 1388 3687 1,
1435 3635 1492 3691 p.
1547 3615 1698 3689 107)
1732 3613 2250 3672 Lindisfarnensis
2297 3634 2426 3672 cum
2474 3614 2572 3687 iis,
2635 3611 2739 3690 qui
2782 3601 2887 3683 ipsi

668 3707 839 3759 erant
869 3701 1136 3776 subjecti.
1200 3702 1362 3780 Ergo
1395 3703 1689 3780 dignitate
1734 3703 1913 3761 simili
1959 3702 2383 3781 archiepiscopi
2415 3703 2600 3761 abbas
2632 3691 2887 3759 Hiiensis

666 3795 982 3849 exornatus
1029 3799 1159 3849 erat
1217 3792 1384 3869 isque
1447 3811 1599 3849 unus
1659 3791 1721 3848 in
1767 3792 2014 3868 antiqua
2061 3790 2374 3852 Scotorum
2421 3792 2697 3860 ecclesia,
2761 3799 2885 3842 nam

664 3880 725 3937 in
773 3880 1070 3939 Hibernia
1114 3887 1259 3939 tunc
1305 3881 1593 3958 temporis
1641 3880 1948 3958 episcopos
2008 3882 2184 3939 alteri
2246 3882 2523 3959 episcopo
2570 3881 2663 3939 vel
2710 3868 2884 3934 archi·

665 3969 941 4046 episcopo
1000 3968 1181 4028 fuisse
1244 3972 1568 4046 subjectos,
1643 3970 1869 4027 nullum
1941 3976 2138 4029 exstat
2200 3978 2368 4030 vetus
2438 3953 2884 4028 testimonium.1

664 4058 935 4129 Accedit,
967 4078 1039 4115 ne
1073 4058 1262 4118 dicam
1296 4058 1368 4116 de
1398 4058 1639 4117 Aidano
1671 4078 1809 4135 rege
1842 4079 1876 4116 a
1909 4057 2198 4118 Columba
2240 4065 2579 4118 consecrato
2613 4054 2879 4133 (Adamn.

663 4148 770 4207 vit.
819 4145 945 4205 Col.
995 4148 1052 4218 3,
1101 4148 1204 4219 86,
1252 4169 1310 4225 Ρ.
1345 4148 1516 4223 228),
1565 4148 1723 4223 quod
1769 4148 1953 4206 abbas
2002 4149 2269 4208 Hiiensis
2324 4150 2479 4208 solus
2520 4151 2618 4223 jus
2666 4155 2879 4202 excom·

665 4236 1005 4295 municandi
1051 4236 1363 4295 exercebat
1409 4237 1512 4312 (ib.
1562 4238 1620 4311 2,
1671 4234 1771 4310 58,
1818 4258 1876 4315 Ρ.
1913 4237 2084 4315 218),
2135 4258 2262 4302 cum
2312 4239 2373 4295 in
2413 4235 2706 4296 Hibernia
2747 4230 2878 4286 haec

848 4429 868 4459 ¹
908 4426 998 4481 De
1034 4427 1356 4496 principatu
1395 4428 1542 4481 sedis
1584 4429 2017 4481 Ardmaohanae
2055 4428 2172 4480 vid.
2214 4446 2382 4495 supra
2421 4446 2475 4495 p.
2515 4429 2582 4482 56
2621 4427 2736 4478 not.
2776 4418 2820 4470 3·
