3134 5034
1527 236 1964 294 -50—

630 423 699 475 ut
737 413 965 493 opinor,
1011 436 1047 473 a
1077 413 1342 474 Patricio
1389 415 1549 474 dicta
1596 436 1721 474 esse
1767 421 2025 475 testatur
2057 413 2443 488 Tirechanus,
2485 414 2666 473 haec
2720 414 2919 473 adhuc

627 504 827 578 hodie,
887 505 1156 582 quamvis
1203 504 1475 564 mutilata
1522 505 1645 564 sint
1690 506 1809 577 vel,
1872 504 1923 564 si
1969 505 2184 577 mavis,
2244 525 2363 564 non
2409 510 2608 564 auct-a
2662 509 2931 566 exstant.

627 596 690 654 in
737 595 991 673 epistula
1036 596 1119 670 (9.
1161 616 1220 672 p.
1256 595 1437 670 318):
1505 589 1639 654 Deo
1690 592 1945 675 qratia-3:
2011 592 2301 655 credentes
2356 602 2406 653 et
2462 592 2795 676 baptizati
2849 592 2921 652 de

626 681 856 744 saeculo
909 681 1240 743 recessisstis
1293 681 1378 742 ad
1423 681 1800 763 paradisum.
1892 684 2053 757 Quin
2115 684 2294 743 etiam
2357 704 2506 760 quae
2582 683 2663 741 in
2737 682 2921 742 dictis

627 774 744 833 illis
790 777 1120 850 sequuntur
1166 772 1388 850 optime
1436 773 1727 849 quadrare
1758 773 2036 834 videntur
2080 772 2171 846 iis,
2218 793 2370 849 quae
2417 777 2922 832 commemorato

629 863 916 941 epistulae
977 862 1103 919 loco
1158 861 1458 921 Patricius
1513 862 1795 922 disseruit
1847 863 2151 922 affirmans
2215 882 2276 921 se
2331 883 2510 920 unum
2583 863 2922 940 baptisma

628 959 690 1011 et
735 968 912 1009 unum
963 951 1135 1009 deum
1180 951 1426 1025 habere,
1474 953 1751 1026 eundem,
1800 972 1975 1029 quem
2023 952 2124 1010 alii
2171 951 2513 1010 Christiani.
2625 951 2731 1010 Et
2784 950 2923 1028 quis

628 1041 844 1100 audeat
905 1040 1260 1099 contendere
1325 1061 1458 1099 eum
1520 1042 1625 1117 qui
1683 1042 1757 1100 de
1812 1038 2025 1101 civibus
2078 1048 2413 1100 sanctorum
2456 1036 2923 1100 Romanorum

628 1130 985 1189 mentionem
1032 1130 1176 1189 fecit
1222 1129 1364 1206 (vid.
1398 1133 1627 1208 supra),
1691 1150 1865 1208 quem
1913 1131 2170 1208 aliquam
2219 1151 2350 1189 cum
2396 1130 2724 1189 Romanis
2778 1149 2919 1188 con-

626 1219 996 1279 suetudinem
1056 1218 1332 1277 habuisse
1394 1226 1619 1278 certum
1685 1225 1798 1293 est,
1861 1241 1987 1281 non
2046 1219 2312 1297 potuisse
2349 1220 2655 1278 ·scribere
2733 1218 2921 1277 illud:

624 1305 901 1369 aecclesia
931 1304 1241 1367 Scotorum
1269 1306 1451 1367 immo
1482 1304 1898 1368 Romanorum
1928 1315 2038 1368 etc.
2129 1309 2404 1386 Denique
2445 1329 2567 1367 non
2607 1308 2920 1367 omittam

626 1417 1086 1458 commemorare
1118 1396 1180 1455 in
1204 1398 1400 1457 verbis
1431 1397 1550 1456 illis
1574 1396 1881 1469 „timorem
1913 1396 2010 1458 dei
2036 1394 2216 1458 habui
2242 1397 2450 1458 ducem
2479 1395 2777 1458 ainerw‘
2805 1403 2919 1454 etc.

625 1489 814 1566 ipsam
860 1486 1115 1545 Patricii
1159 1493 1415 1546 mentem
1462 1487 1652 1546 videri
1698 1488 1953 1565 spirare,
2015 1508 2150 1546 nam
2206 1486 2279 1545 de
2334 1488 2547 1547 timore
2612 1487 2731 1546 dei
2783 1506 2913 1545 sae·

626 1577 866 1654 pissime
912 1575 1192 1652 loquitur.

804 1663 1046 1723 Summa
1090 1664 1277 1741 igitur
1322 1672 1426 1739 est,
1474 1665 1635 1743 quod
1679 1666 2009 1725 Patricium
2053 1686 2314 1742 unquam
2359 1665 2423 1724 in
2453 1665 2653 1724 Italia
2711 1665 2906 1723 fuisse

627 1759 687 1813 et
732 1753 993 1830 aliquam
1040 1774 1170 1812 cum
1217 1754 1504 1813 Romanis
1552 1756 2033 1814 consuetudinem
2079 1755 2356 1814 habuisse
2403 1755 2548 1812 mihi
2598 1752 2904 1833 persuasi

626 1844 877 1920 ideoque
925 1863 1131 1902 censeo
1172 1846 1308 1919 jure
1354 1844 1607 1903 attribui
1638 1844 1902 1904 Patricio
1948 1865 2100 1920 quae
2144 1845 2208 1902 in
2253 1845 2412 1904 libro
2444 1843 2898 1902 Ardmachano

625 1939 862 1992 exstant
907 1933 1101 2005 „dicta
1131 1932 1436 2008 Patricii“,
1482 1935 1622 1994 licet
1669 1935 1982 1995 concedam
2028 1955 2120 1992 me
2167 1934 2410 2006 nescire,
2458 1954 2533 1992 an
2582 1932 2901 1992 nonnulla

625 2024 686 2082 in
734 2023 808 2081 iis
857 2044 891 2081 a
936 2022 1365 2100 posterioribus
1412 2023 1645 2099 adjecta
1691 2025 1826 2084 sint.

630 2113 634 2116 ⁴
802 2110 969 2184 Quae
1026 2131 1158 2169 cum
1214 2113 1300 2171 ita
1354 2114 1499 2185 sint,
1564 2113 1744 2172 etiam
1798 2111 2097 2173 difficilior
2153 2112 2403 2190 partim,
2464 2113 2703 2188 partim
2759 2110 2894 2168 sim·

623 2200 834 2278 plicior
876 2202 1035 2258 facta
1084 2204 1174 2258 est
1220 2202 1488 2277 quaestio
1534 2202 1638 2260 illa
1685 2223 1865 2280 supra
1912 2205 1992 2279 (p.
2044 2203 2154 2278 31)
2201 2202 2526 2279 proposita,
2575 2218 2889 2277 quaenam

623 2290 777 2348 ratio
826 2289 1229 2348 intercesserit
1282 2290 1442 2348 inter
1486 2290 1815 2350 Patricium
1862 2297 1924 2350 et
1967 2290 2322 2349 Palladium.
2414 2290 2515 2348 Ad
2561 2290 2735 2349 hanc
2783 2287 2889 2364 igi-

621 2387 721 2438 tur
779 2378 1118 2437 solvendam
1178 2378 1500 2439 redeamus.
1594 2380 1781 2439 Varia
1841 2381 2073 2440 ratione
2135 2400 2320 2456 usque
2382 2380 2457 2438 ad
2518 2379 2883 2438 hodiernum

622 2469 777 2528 diem
823 2488 950 2526 rem
999 2468 1316 2545 explanare
1363 2469 1718 2529 studuerunt
1762 2470 1879 2530 viri
1927 2469 2104 2529 docti.

800 2555 896 2614 Ac
944 2557 1199 2635 primum
1247 2556 1485 2633 quidem
1533 2579 1629 2632 ea,
1691 2579 1810 2635 qua
1864 2580 2005 2619 usae
2051 2558 2210 2618 vitae
2255 2558 2508 2617 Patricii
2567 2556 2872 2616 finxerunt

621 2646 950 2707 Patricium
1015 2667 1051 2704 a
1110 2645 1280 2723 Papa
1342 2646 1678 2706 Coelestino
1740 2649 1835 2707 vel
1898 2668 1934 2706 a
1995 2646 2293 2706 Germano
2357 2641 2876 2705 Autissiodorensi

622 2735 931 2796 suffectum
978 2755 1103 2793 esse
1149 2735 1212 2792 in
1257 2736 1452 2796 locum
1497 2736 1781 2810 Palladii,
1846 2738 2065 2815 quippe
2123 2737 2226 2813 qui
2278 2737 2500 2794 infecta
2561 2756 2625 2795 re
2677 2750 2872 2794 rever-

620 2826 807 2885 tisset.
902 2823 1077 2899 Quod
1124 2825 1175 2883 si
1220 2825 1306 2884 ita
1352 2832 1521 2900 esset,
1570 2827 1766 2899 nobis,
1828 2832 1888 2885 et
1933 2827 2073 2902 quia
2120 2825 2488 2884 Ooelestinus
2533 2845 2656 2883 uno
2718 2838 2869 2882 anno

620 2922 756 2994 post
802 2915 1045 2974 missum
1091 2914 1425 2973 Palladium
1472 2937 1503 2974 e
1549 2917 1677 2976 vita
1724 2915 1872 2974 exiit
1919 2922 1979 2974 et
2026 2915 2167 2991 quia
2197 2913 2497 2974 Patricius
2543 2934 2704 2972 anno
2743 2914 2865 2985 jam

623 3002 749 3064 432
809 3005 872 3079 (i.
928 3023 977 3060 e.
1035 3002 1289 3060 secundo
1345 3004 1502 3080 regis
1556 3005 1805 3082 Logairi
1862 3008 2043 3082 anno)
2100 3004 2162 3061 in
2218 3003 2573 3062 Hiberniam
2634 2999 2866 3062 venisse

619 3093 882 3152 traditur
913 3094 1138 3168 (annot.
1172 3090 1403 3150 Tirech.
1434 3093 1686 3152 Betham
1719 3094 1789 3152 Π
1819 3114 1954 3172 app.
1986 3115 2044 3171 p.
2075 3092 2287 3169 XIX),
2332 3093 2666 3170 putandum
2716 3089 2872 3148 esset

619 3181 958 3240 Palladium
1012 3201 1086 3238 ne
1142 3201 1323 3239 unum
1371 3182 1607 3257 quidem
1653 3182 1954 3260 integrum
2012 3202 2232 3240 annum
2280 3180 2344 3238 in
2389 3181 2684 3240 Hibernia
2741 3195 2867 3235 mo-

620 3277 817 3330 ratum
883 3291 1024 3329 esse.
1113 3269 1291 3344 Quod
1355 3291 1485 3330 cum
1546 3271 1786 3330 minime
1857 3272 2111 3348 quadret
2168 3271 2454 3348 Prosperi
2515 3263 2869 3335 narrationi,

619 3380 798 3437 quam
852 3359 995 3420 vitis
1049 3359 1165 3419 fide
1222 3360 1551 3437 digniorem
1607 3381 1734 3421 esse
1795 3382 1963 3420 nemo
2010 3365 2192 3437 negat
2238 3359 2380 3436 (vid.
2412 3380 2595 3437 supra
2636 3381 2696 3438 p.
2734 3354 2866 3431 31),

618 3450 730 3508 hac
777 3450 1007 3508 ratione
1055 3449 1324 3525 quaestio
1371 3451 1521 3510 solvi
1566 3472 1687 3509 non
1732 3456 1948 3528 potest.

798 3536 1072 3597 Alteram
1120 3538 1307 3615 igitur
1354 3540 1749 3598 examinemus
1769 3584 1783 3612 ,
1828 3539 2060 3598 Varini.
2152 3538 2414 3597 Varinus
2461 3537 2618 3595 enim
2664 3533 2864 3594 Palla·

620 3628 783 3685 dium
830 3647 1031 3686 eorum
1079 3626 1407 3701 Scotorum,
1457 3627 1561 3705 qui
1606 3628 1668 3685 in
1713 3626 2039 3686 Albaniam
2086 3627 2676 3703 transmigraverant,
2725 3640 2861 3700 apo·

619 3717 834 3777 stolum
891 3715 1071 3774 fuisse
1126 3722 1330 3794 putat,
1399 3717 1727 3776 Patricium
1793 3716 2105 3775 Scotorum
2166 3715 2496 3774 Hiberniae
2551 3717 2750 3790 (mem.
2808 3710 2862 3778 2,

619 3828 675 3885 p.
723 3807 846 3864 123
890 3806 1064 3883 sqq.).
1169 3803 1260 3864 At
1320 3805 1486 3865 Scoti
1544 3805 1765 3882 ubique
1827 3812 1887 3864 et
1946 3806 2211 3883 proxime
2279 3805 2666 3881 intellegendi
2727 3801 2861 3861 sunt

618 3895 947 3955 Hiberniae
994 3894 1222 3953 insulae
1269 3894 1524 3964 incolae,
1573 3915 1763 3971 neque
1812 3895 2097 3954 affirmari
2142 3901 2344 3972 potest
2388 3893 2672 3970 Prosperi
2718 3899 2858 3951 tem-

618 3986 862 4063 poribus
927 3984 1163 4042 omnino
1224 3983 1287 4040 in
1345 3982 1614 4042 Albania
1674 3984 1881 4044 Scotos
1946 3987 2072 4059 jam
2131 3983 2313 4042 fuisse
2374 3985 2560 4060 (supr.
2617 4004 2677 4059 p.
2735 3978 2857 4052 29).

619 4074 942 4133 Praeterea
998 4072 1372 4133 manifestum
1419 4078 1511 4132 est
1566 4094 1641 4131 ex
1693 4074 1979 4150 Prosperi
2033 4072 2231 4133 verbis
2285 4071 2467 4143 „dum
2522 4068 2858 4130 Romanam

617 4159 874 4223 insulam
917 4159 1105 4221 studet
1147 4180 1379 4220 servare
1432 4159 1774 4222 catholicam
1819 4161 1969 4244 fecit
2021 4161 2195 4221 etiam
2239 4159 2560 4220 barbaram
2604 4154 2852 4219 chascia-

618 4259 803 4311 nam“
862 4253 1068 4329 (supra
1130 4271 1187 4328 p.
1240 4251 1349 4326 31)
1412 4251 1773 4331 Prosperum
1833 4248 2145 4313 Romanae
2206 4252 2433 4310 insulae
2494 4248 2853 4313 Britanniae,

621 4345 788 4416 cujus
850 4362 987 4419 pars
1049 4345 1179 4399 erat
1239 4340 1420 4398 etiam
1482 4340 1612 4418 ipsa
1671 4340 1961 4415 Albania,
2031 4342 2282 4400 alteram
2338 4339 2682 4418 opposuisse
2726 4339 2850 4395 bar·
