<?xml version="1.0" encoding="UTF-8"?>
<!DOCTYPE html PUBLIC "-//W3C//DTD XHTML 1.0 Transitional//EN"
    "http://www.w3.org/TR/xhtml1/DTD/xhtml1-transitional.dtd">
<html xmlns="http://www.w3.org/1999/xhtml" xml:lang="en" lang="en">
 <head>
  <title>
</title>
<meta http-equiv="Content-Type" content="text/html;charset=utf-8" />
  <meta name='ocr-system' content='tesseract 3.04.00' />
  <meta name='ocr-capabilities' content='ocr_page ocr_carea ocr_par ocr_line ocrx_word'/>
</head>
<body>
  <div class='ocr_page' id='page_1' title='image "./antiquaebritonu03loofgoog_0050.png"; bbox 0 0 3134 5034; ppageno 0'>
   <div class='ocr_carea' id='block_1_1' title="bbox 1482 273 1912 330">
    <p class='ocr_par' dir='ltr' id='par_1_1' title="bbox 1482 273 1912 330">
     <span class='ocr_line' id='line_1_1' title="bbox 1482 273 1912 330; baseline 0.002 -14"><span class='ocrx_word' id='word_1_1' title='bbox 1482 273 1912 330; x_wconf 73' lang='lat'>-42-</span> 
     </span>
    </p>
   </div>
   <div class='ocr_carea' id='block_1_2' title="bbox 573 446 2842 4163">
    <p class='ocr_par' dir='ltr' id='par_1_2' title="bbox 573 446 2842 2300">
     <span class='ocr_line' id='line_1_2' title="bbox 573 446 2841 529; baseline -0.002 -18"><span class='ocrx_word' id='word_1_2' title='bbox 573 459 704 511; x_wconf 76' lang='lat' dir='ltr'><strong>sunt</strong></span> <span class='ocrx_word' id='word_1_3' title='bbox 748 449 810 509; x_wconf 83' lang='lat' dir='ltr'><strong>in</strong></span> <span class='ocrx_word' id='word_1_4' title='bbox 854 448 1015 510; x_wconf 78' lang='lat' dir='ltr'><strong>mari</strong></span> <span class='ocrx_word' id='word_1_5' title='bbox 1052 447 1327 520; x_wconf 77' lang='lat' dir='ltr'><strong>TerrenO,</strong></span> <span class='ocrx_word' id='word_1_6' title='bbox 1370 457 1433 508; x_wconf 73' lang='lat' dir='ltr'><strong>ut</strong></span> <span class='ocrx_word' id='word_1_7' title='bbox 1476 448 1599 529; x_wconf 73' lang='lat' dir='ltr'><strong>ipse</strong></span> <span class='ocrx_word' id='word_1_8' title='bbox 1644 446 1796 508; x_wconf 66' lang='lat' dir='ltr'><strong>dztm‘t</strong></span> <span class='ocrx_word' id='word_1_9' title='bbox 1839 447 1902 508; x_wconf 78' lang='lat' dir='ltr'><strong>in</strong></span> <span class='ocrx_word' id='word_1_10' title='bbox 1946 448 2486 510; x_wconf 71' lang='lat' dir='ltr'><strong>commmoratione</strong></span> <span class='ocrx_word' id='word_1_11' title='bbox 2532 446 2841 509; x_wconf 72' lang='lat' dir='ltr'><strong>laborum.</strong></span> 
     </span>
     <span class='ocr_line' id='line_1_3' title="bbox 573 537 2842 616; baseline -0.002 -17"><span class='ocrx_word' id='word_1_12' title='bbox 573 541 765 616; x_wconf 81' lang='lat' dir='ltr'><strong>ErgO,</strong></span> <span class='ocrx_word' id='word_1_13' title='bbox 828 541 880 599; x_wconf 90' lang='lat' dir='ltr'><strong>si</strong></span> <span class='ocrx_word' id='word_1_14' title='bbox 924 540 1177 616; x_wconf 78' lang='lat' dir='ltr'><strong>hymnus</strong></span> <span class='ocrx_word' id='word_1_15' title='bbox 1223 537 1544 597; x_wconf 80' lang='lat' dir='ltr'><strong>Tirechani</strong></span> <span class='ocrx_word' id='word_1_16' title='bbox 1598 537 1966 614; x_wconf 76' lang='lat' dir='ltr'><strong>temporibus</strong></span> <span class='ocrx_word' id='word_1_17' title='bbox 2010 538 2306 597; x_wconf 85' lang='lat' dir='ltr'><strong>vetustior</strong></span> <span class='ocrx_word' id='word_1_18' title='bbox 2369 544 2548 611; x_wconf 87' lang='lat' dir='ltr'><strong>esset,</strong></span> <span class='ocrx_word' id='word_1_19' title='bbox 2617 544 2842 596; x_wconf 80' lang='lat' dir='ltr'><strong>tamen</strong></span> 
     </span>
     <span class='ocr_line' id='line_1_4' title="bbox 576 626 2840 704; baseline -0.001 -17"><span class='ocrx_word' id='word_1_20' title='bbox 576 629 938 688; x_wconf 81' lang='lat' dir='ltr'><strong>Tirechanus</strong></span> <span class='ocrx_word' id='word_1_21' title='bbox 970 627 1431 704; x_wconf 82' lang='lat' dir='ltr'><strong>haudquaquam</strong></span> <span class='ocrx_word' id='word_1_22' title='bbox 1478 626 1756 685; x_wconf 77' lang='lat' dir='ltr'><strong>carminis</strong></span> <span class='ocrx_word' id='word_1_23' title='bbox 1801 627 1985 685; x_wconf 87' lang='lat' dir='ltr'><strong>verba</strong></span> <span class='ocrx_word' id='word_1_24' title='bbox 2030 628 2183 685; x_wconf 88' lang='lat' dir='ltr'><strong>male</strong></span> <span class='ocrx_word' id='word_1_25' title='bbox 2227 626 2634 699; x_wconf 84' lang='lat' dir='ltr'><strong>intellexisset,</strong></span> <span class='ocrx_word' id='word_1_26' title='bbox 2679 647 2840 685; x_wconf 82' lang='lat' dir='ltr'><strong>nam</strong></span> 
     </span>
     <span class='ocr_line' id='line_1_5' title="bbox 575 715 2835 792; baseline -0.002 -15"><span class='ocrx_word' id='word_1_27' title='bbox 575 724 636 777; x_wconf 92' lang='lat' dir='ltr'><strong>et</strong></span> <span class='ocrx_word' id='word_1_28' title='bbox 683 737 918 775; x_wconf 87' lang='lat' dir='ltr'><strong>carmen</strong></span> <span class='ocrx_word' id='word_1_29' title='bbox 965 721 1026 774; x_wconf 91' lang='lat' dir='ltr'><strong>et</strong></span> <span class='ocrx_word' id='word_1_30' title='bbox 1059 715 1423 775; x_wconf 80' lang='lat' dir='ltr'><strong>Tirechanus</strong></span> <span class='ocrx_word' id='word_1_31' title='bbox 1468 716 1651 774; x_wconf 88' lang='lat' dir='ltr'><strong>tertio</strong></span> <span class='ocrx_word' id='word_1_32' title='bbox 1701 716 1955 792; x_wconf 88' lang='lat' dir='ltr'><strong>quodam</strong></span> <span class='ocrx_word' id='word_1_33' title='bbox 2002 721 2244 775; x_wconf 86' lang='lat' dir='ltr'><strong>auctore</strong></span> <span class='ocrx_word' id='word_1_34' title='bbox 2290 716 2382 775; x_wconf 86' lang='lat' dir='ltr'><strong>usi</strong></span> <span class='ocrx_word' id='word_1_35' title='bbox 2428 720 2567 775; x_wconf 86' lang='lat' dir='ltr'><strong>sunt</strong></span> <span class='ocrx_word' id='word_1_36' title='bbox 2612 735 2835 792; x_wconf 84' lang='lat' dir='ltr'><strong>eoque,</strong></span> 
     </span>
     <span class='ocr_line' id='line_1_6' title="bbox 576 803 2836 884; baseline -0.001 -20"><span class='ocrx_word' id='word_1_37' title='bbox 576 806 735 884; x_wconf 92' lang='lat' dir='ltr'><strong>quod</strong></span> <span class='ocrx_word' id='word_1_38' title='bbox 782 804 1020 882; x_wconf 90' lang='lat' dir='ltr'><strong>quidem</strong></span> <span class='ocrx_word' id='word_1_39' title='bbox 1052 803 1418 863; x_wconf 85' lang='lat' dir='ltr'><strong>Tirechanus</strong></span> <span class='ocrx_word' id='word_1_40' title='bbox 1462 803 1722 881; x_wconf 86' lang='lat' dir='ltr'><strong>putavit,</strong></span> <span class='ocrx_word' id='word_1_41' title='bbox 1766 803 1898 882; x_wconf 90' lang='lat' dir='ltr'><strong>ipso</strong></span> <span class='ocrx_word' id='word_1_42' title='bbox 1928 803 2209 864; x_wconf 77' lang='lat' dir='ltr'><strong>Patricio,</strong></span> <span class='ocrx_word' id='word_1_43' title='bbox 2272 804 2506 881; x_wconf 90' lang='lat' dir='ltr'><strong>Itaque,</strong></span> <span class='ocrx_word' id='word_1_44' title='bbox 2556 804 2836 881; x_wconf 88' lang='lat' dir='ltr'><strong>quando-</strong></span> 
     </span>
     <span class='ocr_line' id='line_1_7' title="bbox 577 890 2837 972; baseline -0.001 -20"><span class='ocrx_word' id='word_1_45' title='bbox 577 893 817 972; x_wconf 89' lang='lat' dir='ltr'><strong>quidem</strong></span> <span class='ocrx_word' id='word_1_46' title='bbox 863 898 1059 952; x_wconf 84' lang='lat' dir='ltr'><strong>exstat</strong></span> <span class='ocrx_word' id='word_1_47' title='bbox 1104 891 1166 950; x_wconf 92' lang='lat' dir='ltr'><strong>in</strong></span> <span class='ocrx_word' id='word_1_48' title='bbox 1212 892 1365 951; x_wconf 92' lang='lat' dir='ltr'><strong>libro</strong></span> <span class='ocrx_word' id='word_1_49' title='bbox 1411 890 1834 951; x_wconf 86' lang='lat' dir='ltr'><strong>Ardmachano</strong></span> <span class='ocrx_word' id='word_1_50' title='bbox 1881 893 2106 952; x_wconf 89' lang='lat' dir='ltr'><strong>dictum</strong></span> <span class='ocrx_word' id='word_1_51' title='bbox 2152 893 2302 952; x_wconf 90' lang='lat' dir='ltr'><strong>illud</strong></span> <span class='ocrx_word' id='word_1_52' title='bbox 2341 891 2594 952; x_wconf 86' lang='lat' dir='ltr'><strong>Patricii</strong></span> <span class='ocrx_word' id='word_1_53' title='bbox 2638 913 2837 969; x_wconf 83' lang='lat' dir='ltr'><strong>supra</strong></span> 
     </span>
     <span class='ocr_line' id='line_1_8' title="bbox 577 981 2834 1060; baseline 0 -21"><span class='ocrx_word' id='word_1_54' title='bbox 577 985 660 1060; x_wconf 92' lang='lat' dir='ltr'><strong>(p.</strong></span> <span class='ocrx_word' id='word_1_55' title='bbox 710 982 819 1059; x_wconf 81' lang='lat'><strong>34)</strong></span> <span class='ocrx_word' id='word_1_56' title='bbox 865 981 1325 1059; x_wconf 88' lang='lat' dir='ltr'><strong>transcriptum,</strong></span> <span class='ocrx_word' id='word_1_57' title='bbox 1394 981 1756 1040; x_wconf 88' lang='lat' dir='ltr'><strong>simillimum</strong></span> <span class='ocrx_word' id='word_1_58' title='bbox 1802 981 1962 1040; x_wconf 91' lang='lat' dir='ltr'><strong>haud</strong></span> <span class='ocrx_word' id='word_1_59' title='bbox 2008 981 2186 1042; x_wconf 90' lang='lat' dir='ltr'><strong>dubie</strong></span> <span class='ocrx_word' id='word_1_60' title='bbox 2234 981 2319 1054; x_wconf 88' lang='lat' dir='ltr'><strong>ei,</strong></span> <span class='ocrx_word' id='word_1_61' title='bbox 2380 1002 2497 1058; x_wconf 91' lang='lat' dir='ltr'><strong>quo</strong></span> <span class='ocrx_word' id='word_1_62' title='bbox 2543 986 2606 1040; x_wconf 91' lang='lat' dir='ltr'><strong>et</strong></span> <span class='ocrx_word' id='word_1_63' title='bbox 2651 981 2834 1039; x_wconf 82' lang='lat' dir='ltr'><strong>Tire-</strong></span> 
     </span>
     <span class='ocr_line' id='line_1_9' title="bbox 576 1069 2832 1148; baseline -0.001 -18"><span class='ocrx_word' id='word_1_64' title='bbox 576 1071 797 1131; x_wconf 88' lang='lat' dir='ltr'><strong>chanus</strong></span> <span class='ocrx_word' id='word_1_65' title='bbox 846 1077 907 1129; x_wconf 91' lang='lat' dir='ltr'><strong>et</strong></span> <span class='ocrx_word' id='word_1_66' title='bbox 952 1070 1142 1143; x_wconf 85' lang='lat' dir='ltr'><strong>Fieei,</strong></span> <span class='ocrx_word' id='word_1_67' title='bbox 1206 1070 1309 1147; x_wconf 89' lang='lat' dir='ltr'><strong>qui</strong></span> <span class='ocrx_word' id='word_1_68' title='bbox 1353 1069 1598 1143; x_wconf 89' lang='lat' dir='ltr'><strong>dicitur,</strong></span> <span class='ocrx_word' id='word_1_69' title='bbox 1662 1069 1869 1146; x_wconf 85' lang='lat' dir='ltr'><strong>hymni</strong></span> <span class='ocrx_word' id='word_1_70' title='bbox 1912 1076 2091 1147; x_wconf 65' lang='lat' dir='ltr'><strong>poeta</strong></span> <span class='ocrx_word' id='word_1_71' title='bbox 2136 1069 2228 1128; x_wconf 87' lang='lat' dir='ltr'><strong>usi</strong></span> <span class='ocrx_word' id='word_1_72' title='bbox 2273 1076 2436 1143; x_wconf 91' lang='lat' dir='ltr'><strong>sunt,</strong></span> <span class='ocrx_word' id='word_1_73' title='bbox 2495 1070 2832 1148; x_wconf 89' lang='lat' dir='ltr'><strong>permirum</strong></span> 
     </span>
     <span class='ocr_line' id='line_1_10' title="bbox 575 1157 2831 1236; baseline -0.001 -17"><span class='ocrx_word' id='word_1_74' title='bbox 575 1160 722 1219; x_wconf 88' lang='lat' dir='ltr'><strong>mihi</strong></span> <span class='ocrx_word' id='word_1_75' title='bbox 767 1159 1088 1232; x_wconf 83' lang='lat' dir='ltr'><strong>videretur,</strong></span> <span class='ocrx_word' id='word_1_76' title='bbox 1135 1159 1187 1218; x_wconf 90' lang='lat' dir='ltr'><strong>si</strong></span> <span class='ocrx_word' id='word_1_77' title='bbox 1233 1158 1371 1234; x_wconf 84' lang='lat' dir='ltr'><strong>quis</strong></span> <span class='ocrx_word' id='word_1_78' title='bbox 1414 1157 1690 1218; x_wconf 90' lang='lat' dir='ltr'><strong>carminis</strong></span> <span class='ocrx_word' id='word_1_79' title='bbox 1736 1159 1937 1232; x_wconf 87' lang='lat' dir='ltr'><strong>verba,</strong></span> <span class='ocrx_word' id='word_1_80' title='bbox 1986 1178 2138 1236; x_wconf 90' lang='lat' dir='ltr'><strong>quae</strong></span> <span class='ocrx_word' id='word_1_81' title='bbox 2184 1159 2246 1217; x_wconf 89' lang='lat' dir='ltr'><strong>in</strong></span> <span class='ocrx_word' id='word_1_82' title='bbox 2293 1159 2538 1217; x_wconf 87' lang='lat' dir='ltr'><strong>eandem</strong></span> <span class='ocrx_word' id='word_1_83' title='bbox 2585 1165 2831 1218; x_wconf 89' lang='lat' dir='ltr'><strong>senten-</strong></span> 
     </span>
     <span class='ocr_line' id='line_1_11' title="bbox 576 1247 2832 1326; baseline -0.001 -18"><span class='ocrx_word' id='word_1_84' title='bbox 576 1249 724 1309; x_wconf 89' lang='lat' dir='ltr'><strong>tiam</strong></span> <span class='ocrx_word' id='word_1_85' title='bbox 777 1248 967 1326; x_wconf 79' lang='lat' dir='ltr'><strong>accipi</strong></span> <span class='ocrx_word' id='word_1_86' title='bbox 1023 1253 1300 1325; x_wconf 87' lang='lat' dir='ltr'><strong>possunt,</strong></span> <span class='ocrx_word' id='word_1_87' title='bbox 1362 1253 1563 1306; x_wconf 90' lang='lat' dir='ltr'><strong>tamen</strong></span> <span class='ocrx_word' id='word_1_88' title='bbox 1619 1248 1797 1307; x_wconf 88' lang='lat' dir='ltr'><strong>aliter</strong></span> <span class='ocrx_word' id='word_1_89' title='bbox 1861 1248 2359 1326; x_wconf 75' lang='lat' dir='ltr'><strong>interpretaretur</strong></span> <span class='ocrx_word' id='word_1_90' title='bbox 2422 1248 2635 1307; x_wconf 83' lang='lat' dir='ltr'>Nonne</span> <span class='ocrx_word' id='word_1_91' title='bbox 2700 1247 2832 1306; x_wconf 87' lang='lat' dir='ltr'><strong>duo</strong></span> 
     </span>
     <span class='ocr_line' id='line_1_12' title="bbox 577 1336 2830 1414; baseline -0.001 -18"><span class='ocrx_word' id='word_1_92' title='bbox 577 1343 759 1397; x_wconf 88' lang='lat' dir='ltr'><strong>testes</strong></span> <span class='ocrx_word' id='word_1_93' title='bbox 819 1356 1089 1396; x_wconf 89' lang='lat' dir='ltr'><strong>sermone</strong></span> <span class='ocrx_word' id='word_1_94' title='bbox 1152 1337 1310 1394; x_wconf 89' lang='lat' dir='ltr'><strong>claro</strong></span> <span class='ocrx_word' id='word_1_95' title='bbox 1369 1342 1429 1395; x_wconf 94' lang='lat' dir='ltr'><strong>et</strong></span> <span class='ocrx_word' id='word_1_96' title='bbox 1482 1336 1679 1394; x_wconf 91' lang='lat' dir='ltr'><strong>lucido</strong></span> <span class='ocrx_word' id='word_1_97' title='bbox 1733 1336 1827 1395; x_wconf 89' lang='lat' dir='ltr'><strong>usi</strong></span> <span class='ocrx_word' id='word_1_98' title='bbox 1879 1337 2059 1395; x_wconf 84' lang='lat' dir='ltr'><strong>tertio</strong></span> <span class='ocrx_word' id='word_1_99' title='bbox 2116 1338 2363 1396; x_wconf 90' lang='lat' dir='ltr'><strong>obscuro</strong></span> <span class='ocrx_word' id='word_1_100' title='bbox 2418 1338 2554 1414; x_wconf 89' lang='lat' dir='ltr'><strong>plus</strong></span> <span class='ocrx_word' id='word_1_101' title='bbox 2602 1337 2830 1407; x_wconf 88' lang='lat' dir='ltr'><strong>valent,</strong></span> 
     </span>
     <span class='ocr_line' id='line_1_13' title="bbox 576 1425 2831 1503; baseline -0.001 -19"><span class='ocrx_word' id='word_1_102' title='bbox 576 1426 755 1502; x_wconf 90' lang='lat' dir='ltr'><strong>idque</strong></span> <span class='ocrx_word' id='word_1_103' title='bbox 789 1446 857 1484; x_wconf 90' lang='lat' dir='ltr'><strong>eo</strong></span> <span class='ocrx_word' id='word_1_104' title='bbox 889 1425 1098 1501; x_wconf 88' lang='lat' dir='ltr'><strong>magis,</strong></span> <span class='ocrx_word' id='word_1_105' title='bbox 1146 1445 1262 1501; x_wconf 92' lang='lat' dir='ltr'><strong>quo</strong></span> <span class='ocrx_word' id='word_1_106' title='bbox 1294 1425 1526 1484; x_wconf 85' lang='lat' dir='ltr'><strong>facilius</strong></span> <span class='ocrx_word' id='word_1_107' title='bbox 1556 1426 1693 1484; x_wconf 88' lang='lat' dir='ltr'><strong>huic</strong></span> <span class='ocrx_word' id='word_1_108' title='bbox 1721 1426 1960 1483; x_wconf 89' lang='lat' dir='ltr'><strong>illorum</strong></span> <span class='ocrx_word' id='word_1_109' title='bbox 1992 1425 2287 1484; x_wconf 88' lang='lat' dir='ltr'><strong>sententia</strong></span> <span class='ocrx_word' id='word_1_110' title='bbox 2327 1425 2539 1501; x_wconf 85' lang='lat' dir='ltr'><strong>subjici</strong></span> <span class='ocrx_word' id='word_1_111' title='bbox 2582 1425 2831 1503; x_wconf 83' lang='lat' dir='ltr'><strong>potest?</strong></span> 
     </span>
     <span class='ocr_line' id='line_1_14' title="bbox 577 1513 2831 1592; baseline -0 -20"><span class='ocrx_word' id='word_1_112' title='bbox 577 1513 857 1587; x_wconf 83' lang='lat' dir='ltr'><strong>Accedit,</strong></span> <span class='ocrx_word' id='word_1_113' title='bbox 925 1513 1083 1590; x_wconf 91' lang='lat' dir='ltr'><strong>quod</strong></span> <span class='ocrx_word' id='word_1_114' title='bbox 1127 1535 1317 1591; x_wconf 89' lang='lat' dir='ltr'><strong>paene</strong></span> <span class='ocrx_word' id='word_1_115' title='bbox 1363 1515 1587 1588; x_wconf 89' lang='lat' dir='ltr'><strong>omnia,</strong></span> <span class='ocrx_word' id='word_1_116' title='bbox 1651 1535 1802 1592; x_wconf 88' lang='lat' dir='ltr'><strong>quae</strong></span> <span class='ocrx_word' id='word_1_117' title='bbox 1854 1550 1929 1558; x_wconf 89' lang='lat'><strong>—-</strong></span> <span class='ocrx_word' id='word_1_118' title='bbox 1980 1514 2104 1573; x_wconf 87' lang='lat' dir='ltr'><strong>sive</strong></span> <span class='ocrx_word' id='word_1_119' title='bbox 2153 1518 2289 1589; x_wconf 66' lang='lat' dir='ltr'><strong>‚J&#39;ure</strong></span> <span class='ocrx_word' id='word_1_120' title='bbox 2335 1515 2461 1573; x_wconf 90' lang='lat' dir='ltr'><strong>sive</strong></span> <span class='ocrx_word' id='word_1_121' title='bbox 2507 1534 2831 1592; x_wconf 81' lang='lat' dir='ltr'><strong>perperam</strong></span> 
     </span>
     <span class='ocr_line' id='line_1_15' title="bbox 580 1601 2831 1681; baseline 0 -22"><span class='ocrx_word' id='word_1_122' title='bbox 580 1636 662 1647; x_wconf 92' lang='lat'>—</span> <span class='ocrx_word' id='word_1_123' title='bbox 720 1601 983 1661; x_wconf 89' lang='lat' dir='ltr'><strong>Patricio</strong></span> <span class='ocrx_word' id='word_1_124' title='bbox 1039 1603 1438 1676; x_wconf 87' lang='lat' dir='ltr'><strong>ascribuntur,</strong></span> <span class='ocrx_word' id='word_1_125' title='bbox 1510 1605 1711 1681; x_wconf 88' lang='lat' dir='ltr'><strong>qualia</strong></span> <span class='ocrx_word' id='word_1_126' title='bbox 1766 1624 1923 1662; x_wconf 88' lang='lat' dir='ltr'><strong>nunc</strong></span> <span class='ocrx_word' id='word_1_127' title='bbox 1978 1609 2238 1676; x_wconf 84' lang='lat' dir='ltr'><strong>exstant,</strong></span> <span class='ocrx_word' id='word_1_128' title='bbox 2309 1603 2496 1661; x_wconf 89' lang='lat' dir='ltr'><strong>latino</strong></span> <span class='ocrx_word' id='word_1_129' title='bbox 2553 1622 2831 1661; x_wconf 81' lang='lat' dir='ltr'><strong>sermone</strong></span> 
     </span>
     <span class='ocr_line' id='line_1_16' title="bbox 580 1691 2828 1771; baseline 0 -23"><span class='ocrx_word' id='word_1_130' title='bbox 580 1691 914 1768; x_wconf 88' lang='lat' dir='ltr'><strong>conscripta</strong></span> <span class='ocrx_word' id='word_1_131' title='bbox 959 1698 1124 1765; x_wconf 88' lang='lat' dir='ltr'><strong>sunt,</strong></span> <span class='ocrx_word' id='word_1_132' title='bbox 1182 1692 1432 1769; x_wconf 89' lang='lat' dir='ltr'><strong>ideoque</strong></span> <span class='ocrx_word' id='word_1_133' title='bbox 1479 1693 1896 1771; x_wconf 86' lang='lat' dir='ltr'><strong>suspicandum</strong></span> <span class='ocrx_word' id='word_1_134' title='bbox 1945 1698 2035 1752; x_wconf 87' lang='lat' dir='ltr'><strong>est</strong></span> <span class='ocrx_word' id='word_1_135' title='bbox 2077 1692 2226 1750; x_wconf 90' lang='lat' dir='ltr'><strong>illud</strong></span> <span class='ocrx_word' id='word_1_136' title='bbox 2273 1711 2508 1768; x_wconf 90' lang='lat' dir='ltr'><strong>quoque</strong></span> <span class='ocrx_word' id='word_1_137' title='bbox 2554 1691 2828 1760; x_wconf 86' lang='lat' dir='ltr'><strong>Patricii,</strong></span> 
     </span>
     <span class='ocr_line' id='line_1_17' title="bbox 581 1779 2829 1859; baseline 0 -22"><span class='ocrx_word' id='word_1_138' title='bbox 581 1799 698 1856; x_wconf 91' lang='lat' dir='ltr'><strong>quo</strong></span> <span class='ocrx_word' id='word_1_139' title='bbox 746 1779 1107 1845; x_wconf 81' lang='lat' dir='ltr'><strong>Tireehanus</strong></span> <span class='ocrx_word' id='word_1_140' title='bbox 1156 1786 1217 1839; x_wconf 89' lang='lat' dir='ltr'><strong>et</strong></span> <span class='ocrx_word' id='word_1_141' title='bbox 1262 1780 1454 1855; x_wconf 83' lang='lat' dir='ltr'><strong>Fieci,</strong></span> <span class='ocrx_word' id='word_1_142' title='bbox 1518 1782 1623 1859; x_wconf 90' lang='lat' dir='ltr'><strong>qui</strong></span> <span class='ocrx_word' id='word_1_143' title='bbox 1668 1781 1911 1856; x_wconf 89' lang='lat' dir='ltr'><strong>dicitur,</strong></span> <span class='ocrx_word' id='word_1_144' title='bbox 1973 1781 2223 1857; x_wconf 85' lang='lat' dir='ltr'><strong>hymnus</strong></span> <span class='ocrx_word' id='word_1_145' title='bbox 2269 1780 2365 1839; x_wconf 88' lang='lat' dir='ltr'><strong>usi</strong></span> <span class='ocrx_word' id='word_1_146' title='bbox 2410 1786 2574 1854; x_wconf 91' lang='lat' dir='ltr'><strong>sunt,</strong></span> <span class='ocrx_word' id='word_1_147' title='bbox 2636 1780 2829 1838; x_wconf 88' lang='lat' dir='ltr'><strong>latine</strong></span> 
     </span>
     <span class='ocr_line' id='line_1_18' title="bbox 581 1868 2826 1947; baseline 0 -21"><span class='ocrx_word' id='word_1_148' title='bbox 581 1888 706 1926; x_wconf 88' lang='lat' dir='ltr'><strong>esse</strong></span> <span class='ocrx_word' id='word_1_149' title='bbox 762 1868 1001 1928; x_wconf 88' lang='lat' dir='ltr'><strong>dictum.</strong></span> <span class='ocrx_word' id='word_1_150' title='bbox 1095 1869 1356 1929; x_wconf 80' lang='lat' dir='ltr'><strong>Tantum</strong></span> <span class='ocrx_word' id='word_1_151' title='bbox 1412 1871 1599 1947; x_wconf 83' lang='lat' dir='ltr'><strong>igitur</strong></span> <span class='ocrx_word' id='word_1_152' title='bbox 1652 1872 1845 1942; x_wconf 89' lang='lat' dir='ltr'><strong>abest,</strong></span> <span class='ocrx_word' id='word_1_153' title='bbox 1915 1876 1984 1929; x_wconf 92' lang='lat' dir='ltr'><strong>ut</strong></span> <span class='ocrx_word' id='word_1_154' title='bbox 2040 1869 2405 1929; x_wconf 81' lang='lat' dir='ltr'><strong>Tirechanus</strong></span> <span class='ocrx_word' id='word_1_155' title='bbox 2461 1869 2523 1927; x_wconf 90' lang='lat' dir='ltr'><strong>in</strong></span> <span class='ocrx_word' id='word_1_156' title='bbox 2582 1888 2826 1928; x_wconf 86' lang='lat' dir='ltr'><strong>conver·</strong></span> 
     </span>
     <span class='ocr_line' id='line_1_19' title="bbox 579 1956 2831 2036; baseline 0 -21"><span class='ocrx_word' id='word_1_157' title='bbox 579 1957 760 2015; x_wconf 90' lang='lat' dir='ltr'><strong>tendo</strong></span> <span class='ocrx_word' id='word_1_158' title='bbox 805 1958 956 2016; x_wconf 88' lang='lat' dir='ltr'><strong>male</strong></span> <span class='ocrx_word' id='word_1_159' title='bbox 1001 1958 1364 2018; x_wconf 84' lang='lat' dir='ltr'><strong>intellexerit</strong></span> <span class='ocrx_word' id='word_1_160' title='bbox 1408 1958 1576 2017; x_wconf 82' lang='lat' dir='ltr'><strong>Fieci</strong></span> <span class='ocrx_word' id='word_1_161' title='bbox 1619 1959 1925 2036; x_wconf 85' lang='lat' dir='ltr'><strong>hymnum,</strong></span> <span class='ocrx_word' id='word_1_162' title='bbox 1993 1964 2064 2018; x_wconf 90' lang='lat' dir='ltr'><strong>ut</strong></span> <span class='ocrx_word' id='word_1_163' title='bbox 2116 1959 2315 2036; x_wconf 91' lang='lat' dir='ltr'><strong>potius</strong></span> <span class='ocrx_word' id='word_1_164' title='bbox 2360 1956 2568 2034; x_wconf 82' lang='lat' dir='ltr'><strong>hymni</strong></span> <span class='ocrx_word' id='word_1_165' title='bbox 2614 1964 2831 2016; x_wconf 87' lang='lat' dir='ltr'><strong>auctor</strong></span> 
     </span>
     <span class='ocr_line' id='line_1_20' title="bbox 580 2046 2829 2125; baseline -0 -21"><span class='ocrx_word' id='word_1_166' title='bbox 580 2047 940 2105; x_wconf 78' lang='lat' dir='ltr'><strong>accusandus</strong></span> <span class='ocrx_word' id='word_1_167' title='bbox 997 2047 1101 2120; x_wconf 90' lang='lat' dir='ltr'><strong>sit,</strong></span> <span class='ocrx_word' id='word_1_168' title='bbox 1172 2047 1331 2125; x_wconf 90' lang='lat' dir='ltr'><strong>quod</strong></span> <span class='ocrx_word' id='word_1_169' title='bbox 1385 2054 1510 2106; x_wconf 90' lang='lat' dir='ltr'><strong>tam</strong></span> <span class='ocrx_word' id='word_1_170' title='bbox 1564 2048 1718 2106; x_wconf 85' lang='lat' dir='ltr'><strong>male</strong></span> <span class='ocrx_word' id='word_1_171' title='bbox 1771 2047 2097 2106; x_wconf 86' lang='lat' dir='ltr'><strong>Hibernice</strong></span> <span class='ocrx_word' id='word_1_172' title='bbox 2153 2048 2339 2106; x_wconf 87' lang='lat' dir='ltr'><strong>vertit</strong></span> <span class='ocrx_word' id='word_1_173' title='bbox 2396 2047 2620 2105; x_wconf 91' lang='lat' dir='ltr'><strong>dictum</strong></span> <span class='ocrx_word' id='word_1_174' title='bbox 2675 2046 2829 2104; x_wconf 90' lang='lat' dir='ltr'><strong>illud</strong></span> 
     </span>
     <span class='ocr_line' id='line_1_21' title="bbox 578 2134 2826 2213; baseline 0 -22"><span class='ocrx_word' id='word_1_175' title='bbox 578 2134 829 2193; x_wconf 87' lang='lat' dir='ltr'><strong>Patricii</strong></span> <span class='ocrx_word' id='word_1_176' title='bbox 845 2178 859 2206; x_wconf 96' lang='lat'><strong>,</strong></span> <span class='ocrx_word' id='word_1_177' title='bbox 927 2142 996 2194; x_wconf 93' lang='lat' dir='ltr'><strong>ut</strong></span> <span class='ocrx_word' id='word_1_178' title='bbox 1049 2135 1123 2194; x_wconf 87' lang='lat' dir='ltr'><strong>de</strong></span> <span class='ocrx_word' id='word_1_179' title='bbox 1177 2136 1647 2213; x_wconf 86' lang='lat' dir='ltr'><strong>interpretandis</strong></span> <span class='ocrx_word' id='word_1_180' title='bbox 1711 2137 1898 2213; x_wconf 89' lang='lat' dir='ltr'><strong>ipsius</strong></span> <span class='ocrx_word' id='word_1_181' title='bbox 1952 2136 2149 2196; x_wconf 87' lang='lat' dir='ltr'><strong>verbis</strong></span> <span class='ocrx_word' id='word_1_182' title='bbox 2206 2135 2325 2195; x_wconf 86' lang='lat' dir='ltr'><strong>viri</strong></span> <span class='ocrx_word' id='word_1_183' title='bbox 2380 2136 2544 2195; x_wconf 88' lang='lat' dir='ltr'><strong>docti</strong></span> <span class='ocrx_word' id='word_1_184' title='bbox 2600 2135 2826 2195; x_wconf 85' lang='lat' dir='ltr'><strong>dissen-</strong></span> 
     </span>
     <span class='ocr_line' id='line_1_22' title="bbox 579 2222 988 2300; baseline -0.002 -18"><span class='ocrx_word' id='word_1_185' title='bbox 579 2222 696 2282; x_wconf 85' lang='lat' dir='ltr'><strong>tire</strong></span> <span class='ocrx_word' id='word_1_186' title='bbox 742 2222 988 2300; x_wconf 88' lang='lat' dir='ltr'><strong>possint.</strong></span> 
     </span>
    </p>

    <p class='ocr_par' dir='ltr' id='par_1_3' title="bbox 579 2311 2829 2645">
     <span class='ocr_line' id='line_1_23' title="bbox 757 2311 2825 2390; baseline 0 -21"><span class='ocrx_word' id='word_1_187' title='bbox 757 2311 950 2387; x_wconf 82' lang='lat' dir='ltr'><strong>Ergo,</strong></span> <span class='ocrx_word' id='word_1_188' title='bbox 1006 2312 1057 2370; x_wconf 91' lang='lat' dir='ltr'><strong>si</strong></span> <span class='ocrx_word' id='word_1_189' title='bbox 1102 2312 1354 2387; x_wconf 83' lang='lat' dir='ltr'><strong>hymnus</strong></span> <span class='ocrx_word' id='word_1_190' title='bbox 1398 2311 1564 2376; x_wconf 82' lang='lat' dir='ltr'><strong>Fieci</strong></span> <span class='ocrx_word' id='word_1_191' title='bbox 1622 2313 1697 2370; x_wconf 91' lang='lat' dir='ltr'><strong>ab</strong></span> <span class='ocrx_word' id='word_1_192' title='bbox 1743 2312 1871 2390; x_wconf 89' lang='lat' dir='ltr'><strong>ipso</strong></span> <span class='ocrx_word' id='word_1_193' title='bbox 1916 2312 2124 2387; x_wconf 80' lang='lat' dir='ltr'><strong>Fieeo,</strong></span> <span class='ocrx_word' id='word_1_194' title='bbox 2194 2314 2298 2390; x_wconf 85' lang='lat' dir='ltr'><strong>qui</strong></span> <span class='ocrx_word' id='word_1_195' title='bbox 2342 2313 2593 2371; x_wconf 89' lang='lat' dir='ltr'><strong>Patricii</strong></span> <span class='ocrx_word' id='word_1_196' title='bbox 2649 2312 2825 2371; x_wconf 86' lang='lat' dir='ltr'><strong>disci-</strong></span> 
     </span>
     <span class='ocr_line' id='line_1_24' title="bbox 579 2399 2829 2479; baseline 0.001 -21"><span class='ocrx_word' id='word_1_197' title='bbox 579 2401 753 2478; x_wconf 90' lang='lat' dir='ltr'><strong>pulus</strong></span> <span class='ocrx_word' id='word_1_198' title='bbox 799 2399 978 2460; x_wconf 87' lang='lat' dir='ltr'><strong>fuisse</strong></span> <span class='ocrx_word' id='word_1_199' title='bbox 1032 2400 1317 2474; x_wconf 84' lang='lat' dir='ltr'><strong>traditur,</strong></span> <span class='ocrx_word' id='word_1_200' title='bbox 1388 2402 1748 2479; x_wconf 87' lang='lat' dir='ltr'><strong>compositus</strong></span> <span class='ocrx_word' id='word_1_201' title='bbox 1803 2407 1980 2475; x_wconf 86' lang='lat' dir='ltr'><strong>esset,</strong></span> <span class='ocrx_word' id='word_1_202' title='bbox 2049 2403 2135 2460; x_wconf 89' lang='lat' dir='ltr'><strong>nil</strong></span> <span class='ocrx_word' id='word_1_203' title='bbox 2188 2403 2351 2462; x_wconf 88' lang='lat' dir='ltr'><strong>aliud</strong></span> <span class='ocrx_word' id='word_1_204' title='bbox 2407 2403 2829 2479; x_wconf 81' lang='lat' dir='ltr'><strong>comprobaret</strong></span> 
     </span>
     <span class='ocr_line' id='line_1_25' title="bbox 579 2488 2829 2570; baseline 0 -23"><span class='ocrx_word' id='word_1_205' title='bbox 579 2489 695 2548; x_wconf 91' lang='lat' dir='ltr'><strong>nisi</strong></span> <span class='ocrx_word' id='word_1_206' title='bbox 744 2492 870 2564; x_wconf 84' lang='lat' dir='ltr'><strong>jam</strong></span> <span class='ocrx_word' id='word_1_207' title='bbox 925 2494 1067 2548; x_wconf 88' lang='lat' dir='ltr'><strong>tunc</strong></span> <span class='ocrx_word' id='word_1_208' title='bbox 1111 2489 1363 2548; x_wconf 86' lang='lat' dir='ltr'><strong>Patricii</strong></span> <span class='ocrx_word' id='word_1_209' title='bbox 1418 2488 1567 2548; x_wconf 91' lang='lat' dir='ltr'><strong>illud</strong></span> <span class='ocrx_word' id='word_1_210' title='bbox 1624 2491 1696 2549; x_wconf 93' lang='lat' dir='ltr'><strong>de</strong></span> <span class='ocrx_word' id='word_1_211' title='bbox 1750 2491 2064 2551; x_wconf 87' lang='lat' dir='ltr'><strong>itineribus</strong></span> <span class='ocrx_word' id='word_1_212' title='bbox 2118 2492 2237 2551; x_wconf 89' lang='lat' dir='ltr'><strong>suis</strong></span> <span class='ocrx_word' id='word_1_213' title='bbox 2290 2510 2398 2570; x_wconf 89' lang='lat' dir='ltr'><strong>per</strong></span> <span class='ocrx_word' id='word_1_214' title='bbox 2445 2489 2706 2549; x_wconf 77' lang='lat' dir='ltr'><strong>Galliam</strong></span> <span class='ocrx_word' id='word_1_215' title='bbox 2762 2495 2829 2548; x_wconf 88' lang='lat' dir='ltr'><strong>et</strong></span> 
     </span>
     <span class='ocr_line' id='line_1_26' title="bbox 579 2577 1533 2645; baseline 0 -9"><span class='ocrx_word' id='word_1_216' title='bbox 579 2577 821 2637; x_wconf 87' lang='lat' dir='ltr'><strong>Italiam</strong></span> <span class='ocrx_word' id='word_1_217' title='bbox 868 2598 997 2636; x_wconf 87' lang='lat' dir='ltr'><strong>esse</strong></span> <span class='ocrx_word' id='word_1_218' title='bbox 1044 2579 1469 2637; x_wconf 86' lang='lat' dir='ltr'><strong>circumlatum.</strong></span> <span class='ocrx_word' id='word_1_219' title='bbox 1530 2642 1533 2645; x_wconf 59' lang='grc'><strong>,</strong></span> 
     </span>
    </p>

    <p class='ocr_par' dir='ltr' id='par_1_4' title="bbox 581 2665 2829 3632">
     <span class='ocr_line' id='line_1_27' title="bbox 760 2665 2824 2745; baseline -0 -20"><span class='ocrx_word' id='word_1_220' title='bbox 760 2665 878 2725; x_wconf 83' lang='lat' dir='ltr'><strong>Sed</strong></span> <span class='ocrx_word' id='word_1_221' title='bbox 940 2667 1186 2726; x_wconf 90' lang='lat' dir='ltr'><strong>dubium</strong></span> <span class='ocrx_word' id='word_1_222' title='bbox 1246 2687 1363 2725; x_wconf 91' lang='lat' dir='ltr'><strong>non</strong></span> <span class='ocrx_word' id='word_1_223' title='bbox 1434 2672 1551 2740; x_wconf 85' lang='lat' dir='ltr'><strong>est,</strong></span> <span class='ocrx_word' id='word_1_224' title='bbox 1625 2669 1770 2745; x_wconf 85' lang='lat' dir='ltr'><strong>quin</strong></span> <span class='ocrx_word' id='word_1_225' title='bbox 1840 2670 2024 2727; x_wconf 88' lang='lat' dir='ltr'><strong>multo</strong></span> <span class='ocrx_word' id='word_1_226' title='bbox 2083 2674 2224 2745; x_wconf 88' lang='lat' dir='ltr'><strong>post</strong></span> <span class='ocrx_word' id='word_1_227' title='bbox 2289 2668 2658 2745; x_wconf 84' lang='lat' dir='ltr'><strong>conscriptus</strong></span> <span class='ocrx_word' id='word_1_228' title='bbox 2728 2667 2824 2725; x_wconf 86' lang='lat' dir='ltr'><strong>sit.</strong></span> 
     </span>
     <span class='ocr_line' id='line_1_28' title="bbox 581 2756 2825 2836; baseline -0.001 -21"><span class='ocrx_word' id='word_1_229' title='bbox 581 2756 828 2815; x_wconf 88' lang='lat' dir='ltr'><strong>Certum</strong></span> <span class='ocrx_word' id='word_1_230' title='bbox 876 2762 997 2830; x_wconf 89' lang='lat' dir='ltr'><strong>est,</strong></span> <span class='ocrx_word' id='word_1_231' title='bbox 1066 2777 1198 2815; x_wconf 89' lang='lat' dir='ltr'><strong>eum</strong></span> <span class='ocrx_word' id='word_1_232' title='bbox 1245 2757 1436 2816; x_wconf 89' lang='lat' dir='ltr'><strong>altera</strong></span> <span class='ocrx_word' id='word_1_233' title='bbox 1495 2758 1714 2816; x_wconf 89' lang='lat' dir='ltr'><strong>saeculi</strong></span> <span class='ocrx_word' id='word_1_234' title='bbox 1776 2758 1931 2816; x_wconf 83' lang='lat' dir='ltr'><strong>sexti</strong></span> <span class='ocrx_word' id='word_1_235' title='bbox 1988 2763 2161 2835; x_wconf 82' lang='lat' dir='ltr'><strong>parte</strong></span> <span class='ocrx_word' id='word_1_236' title='bbox 2216 2757 2475 2836; x_wconf 89' lang='lat' dir='ltr'><strong>priorem</strong></span> <span class='ocrx_word' id='word_1_237' title='bbox 2521 2776 2640 2814; x_wconf 90' lang='lat' dir='ltr'><strong>non</strong></span> <span class='ocrx_word' id='word_1_238' title='bbox 2698 2775 2825 2814; x_wconf 82' lang='lat' dir='ltr'><strong>esse</strong></span> 
     </span>
     <span class='ocr_line' id='line_1_29' title="bbox 582 2843 2825 2924; baseline -0.001 -20"><span class='ocrx_word' id='word_1_239' title='bbox 582 2845 685 2921; x_wconf 85' lang='lat' dir='ltr'><strong>(H.</strong></span> <span class='ocrx_word' id='word_1_240' title='bbox 735 2846 853 2904; x_wconf 90' lang='lat' dir='ltr'><strong>and</strong></span> <span class='ocrx_word' id='word_1_241' title='bbox 899 2844 987 2904; x_wconf 86' lang='lat' dir='ltr'><strong>St.</strong></span> <span class='ocrx_word' id='word_1_242' title='bbox 1034 2845 1120 2919; x_wconf 91' lang='lat' dir='ltr'><strong>II,</strong></span> <span class='ocrx_word' id='word_1_243' title='bbox 1156 2847 1213 2920; x_wconf 80' lang='lat'><strong>2,</strong></span> <span class='ocrx_word' id='word_1_244' title='bbox 1253 2868 1311 2924; x_wconf 89' lang='lat' dir='ltr'><strong>p.</strong></span> <span class='ocrx_word' id='word_1_245' title='bbox 1348 2847 1472 2905; x_wconf 85' lang='lat'><strong>360</strong></span> <span class='ocrx_word' id='word_1_246' title='bbox 1507 2853 1631 2906; x_wconf 92' lang='lat' dir='ltr'><strong>not.</strong></span> <span class='ocrx_word' id='word_1_247' title='bbox 1664 2850 1743 2923; x_wconf 90' lang='lat' dir='ltr'><strong>a),</strong></span> <span class='ocrx_word' id='word_1_248' title='bbox 1788 2866 2039 2919; x_wconf 88' lang='lat' dir='ltr'><strong>rursum,</strong></span> <span class='ocrx_word' id='word_1_249' title='bbox 2087 2846 2201 2904; x_wconf 87' lang='lat' dir='ltr'><strong>etsi</strong></span> <span class='ocrx_word' id='word_1_250' title='bbox 2248 2846 2365 2904; x_wconf 85' lang='lat' dir='ltr'><strong>alia</strong></span> <span class='ocrx_word' id='word_1_251' title='bbox 2411 2851 2502 2904; x_wconf 88' lang='lat' dir='ltr'><strong>est</strong></span> <span class='ocrx_word' id='word_1_252' title='bbox 2548 2843 2825 2903; x_wconf 81' lang='lat' dir='ltr'><strong>carminis</strong></span> 
     </span>
     <span class='ocr_line' id='line_1_30' title="bbox 581 2932 2822 3012; baseline -0 -20"><span class='ocrx_word' id='word_1_253' title='bbox 581 2935 700 2993; x_wconf 88' lang='lat' dir='ltr'><strong>alia</strong></span> <span class='ocrx_word' id='word_1_254' title='bbox 745 2934 1030 2994; x_wconf 89' lang='lat' dir='ltr'><strong>historiae</strong></span> <span class='ocrx_word' id='word_1_255' title='bbox 1076 2941 1318 3008; x_wconf 87' lang='lat' dir='ltr'><strong>natura,</strong></span> <span class='ocrx_word' id='word_1_256' title='bbox 1379 2941 1582 2993; x_wconf 88' lang='lat' dir='ltr'><strong>tamen</strong></span> <span class='ocrx_word' id='word_1_257' title='bbox 1628 2935 1769 2994; x_wconf 91' lang='lat' dir='ltr'><strong>licet</strong></span> <span class='ocrx_word' id='word_1_258' title='bbox 1815 2934 2048 3012; x_wconf 88' lang='lat' dir='ltr'><strong>opinari</strong></span> <span class='ocrx_word' id='word_1_259' title='bbox 2094 2936 2192 3010; x_wconf 87' lang='lat' dir='ltr'><strong>(cf.</strong></span> <span class='ocrx_word' id='word_1_260' title='bbox 2236 2934 2317 2992; x_wconf 88' lang='lat' dir='ltr'><strong>H.</strong></span> <span class='ocrx_word' id='word_1_261' title='bbox 2367 2934 2484 2992; x_wconf 91' lang='lat' dir='ltr'><strong>and</strong></span> <span class='ocrx_word' id='word_1_262' title='bbox 2531 2932 2617 2992; x_wconf 83' lang='lat' dir='ltr'><strong>St.</strong></span> <span class='ocrx_word' id='word_1_263' title='bbox 2666 2934 2700 2991; x_wconf 91' lang='lat' dir='ltr'><strong>l.</strong></span> <span class='ocrx_word' id='word_1_264' title='bbox 2750 2934 2822 3009; x_wconf 87' lang='lat' dir='ltr'><strong>c.)</strong></span> 
     </span>
     <span class='ocr_line' id='line_1_31' title="bbox 582 3021 2825 3101; baseline 0 -21"><span class='ocrx_word' id='word_1_265' title='bbox 582 3044 716 3081; x_wconf 92' lang='lat' dir='ltr'><strong>eum</strong></span> <span class='ocrx_word' id='word_1_266' title='bbox 778 3023 1168 3101; x_wconf 86' lang='lat' dir='ltr'><strong>compositum</strong></span> <span class='ocrx_word' id='word_1_267' title='bbox 1232 3042 1388 3100; x_wconf 87' lang='lat' dir='ltr'><strong>esse,</strong></span> <span class='ocrx_word' id='word_1_268' title='bbox 1460 3024 1809 3101; x_wconf 88' lang='lat' dir='ltr'><strong>priusquam</strong></span> <span class='ocrx_word' id='word_1_269' title='bbox 1870 3024 2072 3082; x_wconf 80' lang='lat' dir='ltr'><strong>fabula</strong></span> <span class='ocrx_word' id='word_1_270' title='bbox 2145 3023 2217 3080; x_wconf 92' lang='lat' dir='ltr'><strong>de</strong></span> <span class='ocrx_word' id='word_1_271' title='bbox 2283 3022 2651 3095; x_wconf 88' lang='lat' dir='ltr'><strong>Coelestino‚</strong></span> <span class='ocrx_word' id='word_1_272' title='bbox 2722 3021 2825 3098; x_wconf 86' lang='lat' dir='ltr'><strong>qui</strong></span> 
     </span>
     <span class='ocr_line' id='line_1_32' title="bbox 582 3109 2825 3189; baseline -0.002 -16"><span class='ocrx_word' id='word_1_273' title='bbox 582 3109 912 3173; x_wconf 86' lang='lat' dir='ltr'><strong>Patricium</strong></span> <span class='ocrx_word' id='word_1_274' title='bbox 969 3111 1240 3184; x_wconf 86' lang='lat' dir='ltr'><strong>misisset,</strong></span> <span class='ocrx_word' id='word_1_275' title='bbox 1299 3112 1459 3189; x_wconf 90' lang='lat' dir='ltr'><strong>apud</strong></span> <span class='ocrx_word' id='word_1_276' title='bbox 1505 3132 1709 3171; x_wconf 90' lang='lat' dir='ltr'><strong>omnes</strong></span> <span class='ocrx_word' id='word_1_277' title='bbox 1754 3112 2061 3188; x_wconf 83' lang='lat' dir='ltr'><strong>divulgata</strong></span> <span class='ocrx_word' id='word_1_278' title='bbox 2114 3117 2286 3170; x_wconf 83' lang='lat' dir='ltr'><strong>esset.</strong></span> <span class='ocrx_word' id='word_1_279' title='bbox 2376 3111 2550 3169; x_wconf 90' lang='lat' dir='ltr'><strong>Intra</strong></span> <span class='ocrx_word' id='word_1_280' title='bbox 2594 3117 2825 3169; x_wconf 83' lang='lat' dir='ltr'><strong>sextum</strong></span> 
     </span>
     <span class='ocr_line' id='line_1_33' title="bbox 583 3197 2823 3278; baseline 0 -22"><span class='ocrx_word' id='word_1_281' title='bbox 583 3200 769 3276; x_wconf 79' lang='lat' dir='ltr'><strong>igitur</strong></span> <span class='ocrx_word' id='word_1_282' title='bbox 813 3201 1111 3258; x_wconf 89' lang='lat' dir='ltr'><strong>saeculum</strong></span> <span class='ocrx_word' id='word_1_283' title='bbox 1158 3205 1219 3258; x_wconf 91' lang='lat' dir='ltr'><strong>et</strong></span> <span class='ocrx_word' id='word_1_284' title='bbox 1263 3220 1483 3258; x_wconf 91' lang='lat' dir='ltr'><strong>nonum</strong></span> <span class='ocrx_word' id='word_1_285' title='bbox 1531 3201 1899 3278; x_wconf 88' lang='lat' dir='ltr'><strong>conscriptus</strong></span> <span class='ocrx_word' id='word_1_286' title='bbox 1954 3206 2060 3258; x_wconf 90' lang='lat' dir='ltr'><strong>est.</strong></span> <span class='ocrx_word' id='word_1_287' title='bbox 2153 3197 2272 3260; x_wconf 81' lang='lat' dir='ltr'><strong>Sed</strong></span> <span class='ocrx_word' id='word_1_288' title='bbox 2328 3220 2526 3276; x_wconf 88' lang='lat' dir='ltr'><strong>spero,</strong></span> <span class='ocrx_word' id='word_1_289' title='bbox 2586 3219 2823 3271; x_wconf 50' lang='lat' dir='ltr'><strong>accuraf</strong></span> 
     </span>
     <span class='ocr_line' id='line_1_34' title="bbox 584 3288 2824 3365; baseline -0 -18"><span class='ocrx_word' id='word_1_290' title='bbox 584 3289 704 3347; x_wconf 88' lang='lat' dir='ltr'><strong>tius</strong></span> <span class='ocrx_word' id='word_1_291' title='bbox 751 3293 987 3365; x_wconf 90' lang='lat' dir='ltr'><strong>tempus</strong></span> <span class='ocrx_word' id='word_1_292' title='bbox 1031 3308 1205 3365; x_wconf 88' lang='lat' dir='ltr'><strong>posse</strong></span> <span class='ocrx_word' id='word_1_293' title='bbox 1253 3288 1501 3348; x_wconf 87' lang='lat' dir='ltr'><strong>definiri.</strong></span> <span class='ocrx_word' id='word_1_294' title='bbox 1594 3290 1688 3347; x_wconf 90' lang='lat' dir='ltr'><strong>De</strong></span> <span class='ocrx_word' id='word_1_295' title='bbox 1744 3309 1861 3365; x_wconf 92' lang='lat' dir='ltr'><strong>qua</strong></span> <span class='ocrx_word' id='word_1_296' title='bbox 1914 3309 1979 3346; x_wconf 92' lang='lat' dir='ltr'><strong>re</strong></span> <span class='ocrx_word' id='word_1_297' title='bbox 2026 3290 2208 3348; x_wconf 85' lang='lat' dir='ltr'><strong>verba</strong></span> <span class='ocrx_word' id='word_1_298' title='bbox 2254 3289 2523 3348; x_wconf 87' lang='lat' dir='ltr'><strong>dicturus</strong></span> <span class='ocrx_word' id='word_1_299' title='bbox 2568 3288 2644 3346; x_wconf 90' lang='lat' dir='ltr'><strong>ab</strong></span> <span class='ocrx_word' id='word_1_300' title='bbox 2691 3308 2824 3347; x_wconf 80' lang='lat' dir='ltr'><strong>exa·</strong></span> 
     </span>
     <span class='ocr_line' id='line_1_35' title="bbox 583 3376 2827 3454; baseline -0 -19"><span class='ocrx_word' id='word_1_301' title='bbox 583 3376 863 3435; x_wconf 89' lang='lat' dir='ltr'><strong>minanda</strong></span> <span class='ocrx_word' id='word_1_302' title='bbox 924 3376 1131 3436; x_wconf 87' lang='lat' dir='ltr'><strong>Skenii</strong></span> <span class='ocrx_word' id='word_1_303' title='bbox 1190 3379 1486 3436; x_wconf 85' lang='lat' dir='ltr'><strong>sententia</strong></span> <span class='ocrx_word' id='word_1_304' title='bbox 1551 3378 1789 3451; x_wconf 76' lang='lat' dir='ltr'><strong>initium</strong></span> <span class='ocrx_word' id='word_1_305' title='bbox 1860 3378 2093 3436; x_wconf 88' lang='lat' dir='ltr'><strong>faciam.</strong></span> <span class='ocrx_word' id='word_1_306' title='bbox 2208 3377 2600 3454; x_wconf 82' lang='lat' dir='ltr'><strong>Sagacissime</strong></span> <span class='ocrx_word' id='word_1_307' title='bbox 2669 3376 2827 3435; x_wconf 89' lang='lat' dir='ltr'><strong>enim</strong></span> 
     </span>
     <span class='ocr_line' id='line_1_36' title="bbox 585 3465 2829 3544; baseline 0 -22"><span class='ocrx_word' id='word_1_308' title='bbox 585 3465 855 3539; x_wconf 86' lang='lat' dir='ltr'><strong>Skenius,</strong></span> <span class='ocrx_word' id='word_1_309' title='bbox 905 3466 1141 3543; x_wconf 91' lang='lat' dir='ltr'><strong>quando</strong></span> <span class='ocrx_word' id='word_1_310' title='bbox 1172 3465 1337 3524; x_wconf 85' lang='lat' dir='ltr'><strong>Fieci</strong></span> <span class='ocrx_word' id='word_1_311' title='bbox 1369 3466 1620 3544; x_wconf 84' lang='lat' dir='ltr'><strong>hymnus</strong></span> <span class='ocrx_word' id='word_1_312' title='bbox 1653 3467 2013 3544; x_wconf 88' lang='lat' dir='ltr'><strong>compositus</strong></span> <span class='ocrx_word' id='word_1_313' title='bbox 2055 3472 2227 3538; x_wconf 88' lang='lat' dir='ltr'><strong>esset,</strong></span> <span class='ocrx_word' id='word_1_314' title='bbox 2275 3467 2551 3542; x_wconf 87' lang='lat' dir='ltr'><strong>colligere</strong></span> <span class='ocrx_word' id='word_1_315' title='bbox 2598 3465 2829 3524; x_wconf 90' lang='lat' dir='ltr'><strong>studuit</strong></span> 
     </span>
     <span class='ocr_line' id='line_1_37' title="bbox 586 3554 2828 3632; baseline 0 -22"><span class='ocrx_word' id='word_1_316' title='bbox 586 3574 657 3610; x_wconf 84' lang='lat' dir='ltr'><strong>ex</strong></span> <span class='ocrx_word' id='word_1_317' title='bbox 704 3555 979 3612; x_wconf 88' lang='lat' dir='ltr'><strong>extremis</strong></span> <span class='ocrx_word' id='word_1_318' title='bbox 1018 3575 1206 3632; x_wconf 89' lang='lat' dir='ltr'><strong>paene</strong></span> <span class='ocrx_word' id='word_1_319' title='bbox 1238 3555 1512 3614; x_wconf 88' lang='lat' dir='ltr'><strong>carminis</strong></span> <span class='ocrx_word' id='word_1_320' title='bbox 1543 3555 1743 3615; x_wconf 84' lang='lat' dir='ltr'><strong>verbis</strong></span> <span class='ocrx_word' id='word_1_321' title='bbox 1774 3557 1939 3614; x_wconf 90' lang='lat' dir='ltr'><strong>hisce</strong></span> <span class='ocrx_word' id='word_1_322' title='bbox 1974 3555 2078 3630; x_wconf 91' lang='lat' dir='ltr'><strong>(H.</strong></span> <span class='ocrx_word' id='word_1_323' title='bbox 2104 3555 2221 3614; x_wconf 89' lang='lat' dir='ltr'><strong>and</strong></span> <span class='ocrx_word' id='word_1_324' title='bbox 2247 3554 2333 3614; x_wconf 83' lang='lat' dir='ltr'><strong>St.</strong></span> <span class='ocrx_word' id='word_1_325' title='bbox 2359 3554 2444 3627; x_wconf 92' lang='lat' dir='ltr'><strong>II,</strong></span> <span class='ocrx_word' id='word_1_326' title='bbox 2474 3555 2529 3627; x_wconf 83' lang='lat'><strong>2,</strong></span> <span class='ocrx_word' id='word_1_327' title='bbox 2560 3576 2618 3632; x_wconf 88' lang='lat' dir='ltr'><strong>p.</strong></span> <span class='ocrx_word' id='word_1_328' title='bbox 2648 3555 2828 3630; x_wconf 83' lang='lat'><strong>361):</strong></span> 
     </span>
    </p>

    <p class='ocr_par' dir='ltr' id='par_1_5' title="bbox 690 3637 2740 3721">
     <span class='ocr_line' id='line_1_38' title="bbox 690 3637 2740 3721; baseline 0.001 -23"><span class='ocrx_word' id='word_1_329' title='bbox 690 3637 879 3699; x_wconf 73' lang='lat' dir='ltr'><strong>When</strong></span> <span class='ocrx_word' id='word_1_330' title='bbox 923 3640 1166 3702; x_wconf 74' lang='lat' dir='ltr'><strong>Patrick</strong></span> <span class='ocrx_word' id='word_1_331' title='bbox 1210 3652 1359 3703; x_wconf 77' lang='lat' dir='ltr'><strong>went</strong></span> <span class='ocrx_word' id='word_1_332' title='bbox 1404 3646 1514 3720; x_wconf 88' lang='lat'><strong>(=</strong></span> <span class='ocrx_word' id='word_1_333' title='bbox 1548 3644 1725 3721; x_wconf 89' lang='lat' dir='ltr'><strong>obiit)</strong></span> <span class='ocrx_word' id='word_1_334' title='bbox 1771 3641 1841 3703; x_wconf 76' lang='lat' dir='ltr'><strong>he</strong></span> <span class='ocrx_word' id='word_1_335' title='bbox 1885 3642 2090 3703; x_wconf 68' lang='lat' dir='ltr'><strong>visited</strong></span> <span class='ocrx_word' id='word_1_336' title='bbox 2134 3639 2224 3703; x_wconf 66' lang='lat' dir='ltr'><strong>tlte</strong></span> <span class='ocrx_word' id='word_1_337' title='bbox 2268 3640 2426 3702; x_wconf 75' lang='lat' dir='ltr'><strong>other</strong></span> <span class='ocrx_word' id='word_1_338' title='bbox 2471 3638 2740 3711; x_wconf 63' lang='lat' dir='ltr'><strong>Patr-ich,-</strong></span> 
     </span>
    </p>

    <p class='ocr_par' dir='ltr' id='par_1_6' title="bbox 585 3727 2833 4163">
     <span class='ocr_line' id='line_1_39' title="bbox 673 3727 2419 3813; baseline 0 -25"><span class='ocrx_word' id='word_1_339' title='bbox 673 3728 718 3788; x_wconf 76' lang='lat' dir='ltr'><strong>it</strong></span> <span class='ocrx_word' id='word_1_340' title='bbox 762 3728 814 3788; x_wconf 73' lang='lat' dir='ltr'><strong>is</strong></span> <span class='ocrx_word' id='word_1_341' title='bbox 859 3728 1109 3810; x_wconf 71' lang='lat' dir='ltr'><strong>toqetlzer</strong></span> <span class='ocrx_word' id='word_1_342' title='bbox 1152 3728 1280 3812; x_wconf 71' lang='lat' dir='ltr'><strong>they</strong></span> <span class='ocrx_word' id='word_1_343' title='bbox 1323 3731 1611 3792; x_wconf 62' lang='lat' dir='ltr'><strong>amended</strong></span> <span class='ocrx_word' id='word_1_344' title='bbox 1654 3741 1711 3792; x_wconf 75' lang='lat' dir='ltr'><strong>to</strong></span> <span class='ocrx_word' id='word_1_345' title='bbox 1759 3727 1956 3803; x_wconf 69' lang='lat' dir='ltr'><strong>Jews,</strong></span> <span class='ocrx_word' id='word_1_346' title='bbox 2005 3730 2232 3813; x_wconf 69' lang='lat' dir='ltr'><strong>Mary&#39;s</strong></span> <span class='ocrx_word' id='word_1_347' title='bbox 2278 3728 2419 3790; x_wconf 77' lang='lat' dir='ltr'><strong>Son.</strong></span> 
     </span>
     <span class='ocr_line' id='line_1_40' title="bbox 585 3817 2829 3898; baseline -0.001 -20"><span class='ocrx_word' id='word_1_348' title='bbox 585 3819 886 3878; x_wconf 84' lang='lat' dir='ltr'><strong>Mirabilia</strong></span> <span class='ocrx_word' id='word_1_349' title='bbox 930 3820 1077 3878; x_wconf 89' lang='lat' dir='ltr'><strong>haec</strong></span> <span class='ocrx_word' id='word_1_350' title='bbox 1119 3821 1319 3879; x_wconf 85' lang='lat' dir='ltr'><strong>verba.</strong></span> <span class='ocrx_word' id='word_1_351' title='bbox 1411 3822 1565 3880; x_wconf 88' lang='lat' dir='ltr'><strong>Nam</strong></span> <span class='ocrx_word' id='word_1_352' title='bbox 1615 3821 1748 3898; x_wconf 90' lang='lat' dir='ltr'><strong>quis</strong></span> <span class='ocrx_word' id='word_1_353' title='bbox 1795 3827 1883 3879; x_wconf 90' lang='lat' dir='ltr'><strong>est</strong></span> <span class='ocrx_word' id='word_1_354' title='bbox 1928 3821 2027 3878; x_wconf 92' lang='lat' dir='ltr'><strong>ille</strong></span> <span class='ocrx_word' id='word_1_355' title='bbox 2073 3822 2225 3878; x_wconf 87' lang='lat' dir='ltr'><strong>alter</strong></span> <span class='ocrx_word' id='word_1_356' title='bbox 2272 3817 2611 3878; x_wconf 74' lang='lat' dir='ltr'><strong>Patricius?</strong></span> <span class='ocrx_word' id='word_1_357' title='bbox 2684 3817 2829 3877; x_wconf 82' lang='lat' dir='ltr'><strong>Ske-</strong></span> 
     </span>
     <span class='ocr_line' id='line_1_41' title="bbox 586 3907 2830 3987; baseline -0.001 -22"><span class='ocrx_word' id='word_1_358' title='bbox 586 3908 718 3966; x_wconf 90' lang='lat' dir='ltr'><strong>nius</strong></span> <span class='ocrx_word' id='word_1_359' title='bbox 766 3907 876 3982; x_wconf 92' lang='lat' dir='ltr'><strong>(II,</strong></span> <span class='ocrx_word' id='word_1_360' title='bbox 924 3930 981 3985; x_wconf 88' lang='lat' dir='ltr'><strong>p.</strong></span> <span class='ocrx_word' id='word_1_361' title='bbox 1032 3908 1159 3966; x_wconf 88' lang='grc'><strong>438</strong></span> <span class='ocrx_word' id='word_1_362' title='bbox 1207 3929 1336 3985; x_wconf 91' lang='lat' dir='ltr'><strong>sqq.</strong></span> <span class='ocrx_word' id='word_1_363' title='bbox 1385 3915 1446 3969; x_wconf 91' lang='lat' dir='ltr'><strong>et</strong></span> <span class='ocrx_word' id='word_1_364' title='bbox 1493 3910 1624 3967; x_wconf 80' lang='lat'><strong>428</strong></span> <span class='ocrx_word' id='word_1_365' title='bbox 1671 3913 1784 3987; x_wconf 89' lang='lat' dir='ltr'><strong>sq.)</strong></span> <span class='ocrx_word' id='word_1_366' title='bbox 1841 3911 2092 3968; x_wconf 87' lang='lat' dir='ltr'><strong>alterum</strong></span> <span class='ocrx_word' id='word_1_367' title='bbox 2146 3909 2474 3966; x_wconf 85' lang='lat' dir='ltr'><strong>Patricium</strong></span> <span class='ocrx_word' id='word_1_368' title='bbox 2521 3908 2640 3979; x_wconf 86' lang='lat' dir='ltr'><strong>vel,</strong></span> <span class='ocrx_word' id='word_1_369' title='bbox 2714 3927 2830 3982; x_wconf 91' lang='lat' dir='ltr'><strong>quo</strong></span> 
     </span>
     <span class='ocr_line' id='line_1_42' title="bbox 586 3994 2833 4074; baseline -0.002 -19"><span class='ocrx_word' id='word_1_370' title='bbox 586 3997 821 4055; x_wconf 88' lang='lat' dir='ltr'><strong>nomine</strong></span> <span class='ocrx_word' id='word_1_371' title='bbox 876 3997 1234 4074; x_wconf 89' lang='lat' dir='ltr'><strong>posteriores</strong></span> <span class='ocrx_word' id='word_1_372' title='bbox 1280 4004 1556 4071; x_wconf 81' lang='lat' dir='ltr'><strong>utuntur,</strong></span> <span class='ocrx_word' id='word_1_373' title='bbox 1628 4018 1861 4073; x_wconf 89' lang='lat' dir='ltr'><strong>„senem</strong></span> <span class='ocrx_word' id='word_1_374' title='bbox 1906 3997 2286 4069; x_wconf 86' lang='lat' dir='ltr'><strong>Patricium“,</strong></span> <span class='ocrx_word' id='word_1_375' title='bbox 2357 3999 2524 4071; x_wconf 84' lang='lat' dir='ltr'><strong>cujus</strong></span> <span class='ocrx_word' id='word_1_376' title='bbox 2577 3994 2833 4073; x_wconf 86' lang='lat' dir='ltr'><strong>primam</strong></span> 
     </span>
     <span class='ocr_line' id='line_1_43' title="bbox 588 4084 2831 4163; baseline -0.003 -17"><span class='ocrx_word' id='word_1_377' title='bbox 588 4085 946 4146; x_wconf 87' lang='lat' dir='ltr'><strong>mentionem</strong></span> <span class='ocrx_word' id='word_1_378' title='bbox 1003 4090 1235 4144; x_wconf 83' lang='lat' dir='ltr'><strong>exstare</strong></span> <span class='ocrx_word' id='word_1_379' title='bbox 1288 4091 1465 4163; x_wconf 88' lang='lat' dir='ltr'><strong>putat</strong></span> <span class='ocrx_word' id='word_1_380' title='bbox 1523 4087 1589 4145; x_wconf 89' lang='lat' dir='ltr'><strong>in</strong></span> <span class='ocrx_word' id='word_1_381' title='bbox 1647 4087 1866 4160; x_wconf 91' lang='lat' dir='ltr'><strong>feriali,</strong></span> <span class='ocrx_word' id='word_1_382' title='bbox 1930 4086 2086 4162; x_wconf 87' lang='lat' dir='ltr'><strong>quod</strong></span> <span class='ocrx_word' id='word_1_383' title='bbox 2146 4085 2366 4144; x_wconf 84' lang='lat' dir='ltr'><strong>dicitur</strong></span> <span class='ocrx_word' id='word_1_384' title='bbox 2389 4085 2414 4120; x_wconf 75' lang='lat'>1</span> <span class='ocrx_word' id='word_1_385' title='bbox 2467 4084 2638 4161; x_wconf 81' lang='lat' dir='ltr'><strong>Angi</strong></span> <span class='ocrx_word' id='word_1_386' title='bbox 2696 4103 2831 4159; x_wconf 83' lang='lat' dir='ltr'><strong>cog-</strong></span> 
     </span>
    </p>
   </div>
   <div class='ocr_carea' id='block_1_3' title="bbox 595 4228 1020 4236">
    <p class='ocr_par' dir='ltr' id='par_1_7' title="bbox 595 4228 1020 4236">
     <span class='ocr_line' id='line_1_44' title="bbox 595 4228 1020 4236; baseline 0 798"><span class='ocrx_word' id='word_1_387' title='bbox 595 4228 1020 4236; x_wconf 95' lang='lat' dir='ltr'><strong> </strong></span> 
     </span>
    </p>
   </div>
   <div class='ocr_carea' id='block_1_4' title="bbox 593 4290 2833 4432">
    <p class='ocr_par' dir='ltr' id='par_1_8' title="bbox 593 4290 2833 4432">
     <span class='ocr_line' id='line_1_45' title="bbox 777 4290 2833 4362; baseline -0.001 -16"><span class='ocrx_word' id='word_1_388' title='bbox 777 4293 797 4323; x_wconf 88' lang='lat'><strong>¹</strong></span> <span class='ocrx_word' id='word_1_389' title='bbox 839 4292 954 4347; x_wconf 86' lang='lat' dir='ltr'><strong>Sed</strong></span> <span class='ocrx_word' id='word_1_390' title='bbox 979 4308 1294 4362; x_wconf 85' lang='lat' dir='ltr'><strong>perperam,</strong></span> <span class='ocrx_word' id='word_1_391' title='bbox 1339 4309 1470 4345; x_wconf 88' lang='lat' dir='ltr'><strong>nam</strong></span> <span class='ocrx_word' id='word_1_392' title='bbox 1498 4296 1740 4349; x_wconf 82' lang='lat' dir='ltr'><strong>exeunte</strong></span> <span class='ocrx_word' id='word_1_393' title='bbox 1768 4294 1991 4348; x_wconf 89' lang='lat' dir='ltr'><strong>saeculo</strong></span> <span class='ocrx_word' id='word_1_394' title='bbox 2018 4308 2167 4345; x_wconf 89' lang='lat' dir='ltr'><strong>nono</strong></span> <span class='ocrx_word' id='word_1_395' title='bbox 2193 4291 2337 4344; x_wconf 91' lang='lat' dir='ltr'><strong>illud</strong></span> <span class='ocrx_word' id='word_1_396' title='bbox 2362 4290 2560 4344; x_wconf 87' lang='lat' dir='ltr'><strong>feriale</strong></span> <span class='ocrx_word' id='word_1_397' title='bbox 2588 4290 2833 4361; x_wconf 84' lang='lat' dir='ltr'><strong>(Felire)</strong></span> 
     </span>
     <span class='ocr_line' id='line_1_46' title="bbox 593 4361 1729 4432; baseline -0.001 -15"><span class='ocrx_word' id='word_1_398' title='bbox 593 4364 749 4432; x_wconf 83' lang='lat' dir='ltr'><strong>prius</strong></span> <span class='ocrx_word' id='word_1_399' title='bbox 786 4382 903 4418; x_wconf 86' lang='lat' dir='ltr'><strong>non</strong></span> <span class='ocrx_word' id='word_1_400' title='bbox 938 4367 1029 4418; x_wconf 81' lang='lat' dir='ltr'><strong>est</strong></span> <span class='ocrx_word' id='word_1_401' title='bbox 1061 4361 1131 4418; x_wconf 85' lang='lat' dir='ltr'><strong>cf.</strong></span> <span class='ocrx_word' id='word_1_402' title='bbox 1171 4361 1435 4429; x_wconf 83' lang='lat' dir='ltr'><strong>Warren,</strong></span> <span class='ocrx_word' id='word_1_403' title='bbox 1470 4382 1524 4432; x_wconf 89' lang='lat' dir='ltr'><strong>p.</strong></span> <span class='ocrx_word' id='word_1_404' title='bbox 1565 4362 1729 4418; x_wconf 89' lang='lat' dir='ltr'><strong>XIV.</strong></span> 
     </span>
    </p>
   </div>
   <div class='ocr_carea' id='block_1_5' title="bbox 1498 4463 3095 5034">
    <p class='ocr_par' dir='ltr' id='par_1_9' title="bbox 1498 4463 3095 5034">
     <span class='ocr_line' id='line_1_47' title="bbox 1498 4463 3095 5034; baseline 0 0"><span class='ocrx_word' id='word_1_405' title='bbox 1498 4463 3095 5034; x_wconf 95' lang='lat' dir='ltr'><strong> </strong></span> 
     </span>
    </p>
   </div>
  </div>
 </body>
</html>
