3134 5034
1308 228 1841 324 --11---Δ

576 446 743 520 Quae
790 466 921 506 cum
967 446 1055 504 ita
1100 446 1252 519 sint,
1324 445 1494 505 nobis
1554 465 1674 504 non
1720 465 1867 523 opus
1915 452 2007 504 est
2051 445 2232 518 scire,
2303 465 2338 502 a
2385 464 2640 522 quonam

396 535 692 612 evangelii
737 535 1009 594 doctrina
1055 535 1118 593 in
1162 535 1544 593 Britanniam
1592 534 1777 593 allata
1824 533 1917 593 sit.
2008 535 2103 592 De
2166 555 2302 611 qua·
2343 554 2408 593 re
2425 579 2439 607 ,
2510 554 2640 593 cum

394 625 555 682 nullo
603 618 775 682 niodo
823 623 1000 683 fidem
1048 624 1430 683 christianam
1475 628 1640 682 recta
1670 622 1769 683 via
1810 643 1883 680 ex
1914 623 2139 682 oriente
2169 623 2233 681 in
2263 623 2642 682 Britanniam

394 713 635 773 allatam
692 733 815 772 esse
871 733 1072 772 omnes
1125 713 1530 785 consentiant,
1601 712 1664 770 in
1729 712 1875 772 duas
1940 712 2266 771 sententias
2329 711 2643 772 discedunt

392 801 510 861 viri
568 802 746 861 docti.
814 801 980 864 ⁴Alii
1043 801 1249 861 Gallos
1308 801 1630 860 Britonum
1692 802 1993 878 apostolos
2063 801 2245 859 fuisse
2321 802 2639 874 affirmant,

396 911 645 969 quorum
691 891 907 950 ritibus
957 891 1385 962 ecclesiasticis,
1432 890 1730 967 liturgiae,
1777 890 2131 949 lectionibus
2162 890 2361 962 sacris,
2408 890 2641 966 hymnis

393 980 684 1040 secundae
730 980 945 1040 aetatis
992 981 1271 1039 ecclesiae
1316 979 1703 1039 Britannicae
1749 979 1916 1052 ritus,
1963 979 2295 1055 liturgiam,
2341 979 2640 1053 lectiones,

280 1058 285 1071 ⁸
395 1069 644 1145 hymnos
705 1068 919 1128 similia
977 1069 1160 1129 fuisse
1220 1070 1350 1128 luce
1412 1069 1630 1127 clarius
1684 1075 1777 1128 est
1831 1068 1974 1145 (vid.
2020 1069 2293 1141 Warren,
2340 1090 2397 1146 p.
2449 1071 2522 1126 61
2582 1077 2642 1128 et
2714 1102 2724 1109 -

396 1159 555 1217 locos
599 1158 687 1217 ibi
732 1160 1258 1234 commemoratos),
1321 1158 1425 1216 alii
1479 1157 1640 1236 iique
1694 1158 1949 1216 minores
2008 1177 2252 1216 numero
2298 1157 2640 1217 auctoribus

397 1247 686 1306 Romanis
728 1247 1012 1306 Britones
1059 1249 1135 1306 ad
1183 1247 1566 1306 christianum
1628 1247 1805 1309 fidem
1866 1240 2171 1306 transiisse
2228 1246 2342 1305 sibi
2402 1266 2639 1325 persua-

397 1342 602 1395 serunt
658 1335 910 1413 (Sabell,
967 1359 1026 1415 p.
1075 1338 1177 1395 48.
1223 1336 1528 1414 Haddan),
1591 1337 1696 1395 alii
1752 1336 1816 1395 in
1869 1336 2062 1394 medio
2118 1355 2244 1393 rem
2296 1336 2643 1412 relinquunt

397 1425 645 1503 (Bright
684 1447 740 1502 p.
780 1428 858 1501 1).
950 1427 1127 1484 Hanc
1174 1425 1638 1485 controversiam
1684 1425 2003 1503 disceptari
2050 1432 2254 1483 nostra
2297 1445 2507 1502 parum
2551 1425 2638 1482 in-

397 1520 610 1588 terest,
671 1514 986 1574 dummodo
1047 1515 1351 1574 ecclesiam
1395 1514 1714 1573 Britonum
1762 1514 2151 1573 orthodoxam
2212 1514 2392 1572 fuisse
2440 1535 2639 1572 conce-

398 1603 590 1661 datur.
683 1603 807 1662 Nec
853 1610 1053 1662 tamen
1099 1604 1391 1663 silendum
1439 1624 1564 1662 esse
1613 1604 1826 1682 putavi
1873 1604 2142 1679 proximo
2201 1623 2353 1661 anno
2404 1603 2639 1661 Warre-

319 1724 325 1730 -
399 1692 560 1749 nium
579 1734 593 1763 ,
656 1691 849 1750 virum
896 1693 1328 1765 doctissimum,
1390 1693 1676 1770 perplura
1730 1692 1999 1751 attulisse
2045 1697 2425 1767 argumenta,
2490 1713 2641 1768 quae

401 1780 872 1856 comprobarent,
918 1780 1093 1839 fidem
1126 1782 1506 1840 christianam
1540 1803 1612 1838 ex
1644 1779 1845 1839 Gallia
1876 1800 1944 1839 ac
1991 1781 2227 1857 quidem
2277 1801 2353 1838 ex
2393 1780 2641 1839 urbibus

397 1867 695 1944 Lugduno
742 1874 826 1939 et,
849 1869 1084 1928 Vienna
1129 1870 1498 1947 temporibus
1544 1869 1782 1928 Irenaei
1837 1870 1899 1927 in
1946 1868 2322 1927 Britanniam
2367 1869 2640 1928 transmi-

399 1977 600 2034 grasse
647 1957 929 2033 (Warren
976 1980 1031 2036 p.
1064 1959 1375 2034 46—58).
1468 1959 1634 2031 Quae
1682 1957 1976 2017 sententia
2022 1978 2153 2015 cum
2200 1977 2274 2015 ex
2317 1958 2533 2017 ritibus
2578 1959 2639 2016 in

396 2045 715 2104 Britannia
758 2045 998 2105 usitatis
1043 2067 1235 2124 neque
1282 2067 1503 2120 eorum,
1553 2047 1655 2123 qui
1703 2067 1834 2105 cum
1880 2045 2269 2105 orientalibus
2311 2054 2644 2123 congruunt

405 2168 479 2179 -—-
533 2140 770 2194 exstant
827 2135 982 2193 enim
1040 2138 1192 2194 tales
1250 2135 1529 2211 (Warren
1588 2158 1646 2213 p.
1698 2135 1806 2212 55)
1862 2169 1935 2181 ψ-
1998 2154 2189 2212 116(1116
2246 2154 2475 2208 eorum,
2541 2137 2644 2212 qui

398 2224 619 2284 similes
665 2231 805 2283 sunt
837 2222 1167 2284 Gallicanis
1214 2225 1524 2284 obscuram
1571 2225 1871 2300 relinquat
1917 2224 2224 2301 originem,
2273 2224 2453 2301 digna
2498 2225 2645 2283 mihi

397 2313 651 2386 videtur,
698 2333 876 2389 quam
923 2315 1258 2373 assensione
1305 2316 1779 2391 comprobemus,
1829 2313 2128 2390 quamvis,
2178 2334 2329 2390 quae
2376 2314 2449 2372 de
2495 2320 2641 2373 tem-

397 2402 572 2481 pore,
623 2422 739 2479 quo
784 2404 945 2460 facta
991 2411 1146 2463 esset
1189 2403 1295 2462 illa
1339 2403 1822 2480 transmigratio,
1872 2403 2223 2462 Warrenius
2271 2403 2508 2476 attulit,
2555 2404 2641 2461 in-

399 2490 654 2551 certiora
700 2511 827 2550 esse
874 2493 1080 2568 negari
1127 2512 1246 2550 non
1276 2492 1482 2570 possit.
1574 2493 1728 2552 Nam
1760 2492 1903 2568 quid
1935 2490 2237 2565 incertius,
2284 2512 2461 2568 quam
2493 2512 2644 2568 quae

397 2581 748 2658 apologetae
778 2581 1090 2657 proferunt
1121 2581 1194 2639 de
1227 2581 1471 2641 ecclesia
1518 2582 1952 2640 succrescente!
1998 2579 2118 2640 Sed
2166 2581 2310 2659 quid
2356 2582 2432 2639 ad
2479 2582 2643 2639 rem?

398 2669 486 2728 Ut
531 2669 651 2727 sint
697 2669 1071 2743 incertiores,
1121 2689 1267 2747 quos
1314 2671 1617 2743 subduxit,
1666 2671 1908 2743 calculi,
1956 2670 2176 2728 certior
2223 2676 2314 2729 est
2358 2670 2486 2749 ipsa
2533 2690 2643 2742 res,

399 2758 652 2816 certiora
713 2758 814 2815 illa
876 2764 1256 2836 argumenta,
1320 2780 1471 2836 quae
1530 2759 1756 2818 rituum
1815 2765 2030 2818 natura
2090 2759 2378 2818 nituntur.
2487 2759 2646 2834 Quin

398 2846 577 2905 etiam
624 2847 770 2905 duas
817 2847 964 2906 alias
1010 2868 1105 2906 res
1153 2868 1616 2920 commemorem,
1665 2867 1817 2925 quae
1834 2847 2151 2906 Warrenio
2197 2848 2357 2905 haud
2403 2848 2522 2906 scio
2568 2868 2643 2906 an

397 2938 682 3011 maj0rem
726 2935 903 2994 fidem
949 2936 1217 2995 afferant.
1733 2926 1742 2937 ⁴

577 3024 840 3099 Quarum
889 3025 1056 3103 prior
1102 3032 1209 3099 est,
1258 3026 1417 3102 quod
1463 3026 1811 3103 symbolum,
1861 3024 1978 3102 quo
2011 3024 2293 3084 Britones
2325 3025 2387 3083 in
2417 3027 2641 3105 baptis-

398 3114 574 3173 matis
633 3113 959 3173 ministerio
1023 3115 1265 3174 ineunte
1325 3115 1556 3174 saeculo
1621 3115 1829 3192 quinto
1889 3115 1982 3172 usi
2045 3135 2171 3173 esse
2215 3115 2510 3188 videntur,
2557 3151 2645 3160 —

397 3209 684 3279 quantum
732 3203 1005 3280 cognosci
1050 3210 1249 3281 potest
1296 3225 1369 3262 ex
1414 3205 1681 3280 symbolo
1736 3204 1839 3261 illo
1884 3205 2223 3281 regularum
2284 3204 2423 3262 fidei
2484 3227 2644 3264 more

398 3298 460 3351 et
505 3298 809 3351 contracto
858 3300 919 3352 et
965 3300 1156 3363 aucto,
1205 3293 1363 3369 quod
1412 3298 1609 3352 exstat
1655 3293 1717 3350 111
1747 3292 2017 3364 Patricii,
2049 3293 2455 3351 Hibernorum
2503 3314 2640 3371 apo-

398 3381 566 3454 stoli,
629 3381 868 3440 natione
930 3382 1226 3455 Britonis,
1292 3382 1657 3441 confessione
1714 3382 1818 3457 (H.
1865 3382 1984 3440 and
2031 3380 2119 3440 St.
2164 3382 2250 3453 ΙΙ,
2301 3383 2338 3438 2
2387 3404 2443 3459 p.
2494 3384 2641 3440 297.

399 3469 598 3541 Hahn,
644 3465 976 3531 Bibliothelc
1020 3470 1127 3530 der
1157 3468 1446 3550 Symbola.
1486 3472 1673 3529 1877.
1704 3492 1762 3549 p.
1798 3472 1952 3547 268)
1987 3506 2067 3515 —
2103 3477 2164 3530 et
2209 3471 2296 3530 ita
2343 3471 2643 3550 discrepat

399 3578 530 3616 cum
591 3578 661 3615 ea
720 3560 969 3634 symboli
1029 3560 1341 3639 apostolici
1403 3561 1626 3632 forma,
1688 3580 1805 3635 qua
1852 3559 2111 3619 Romani
2170 3565 2312 3618 tunc
2357 3561 2642 3639 temporis

399 3648 725 3705 utebantur
771 3648 997 3721 (Hahn,
1044 3671 1101 3726 p.
1156 3650 1235 3707 13
1284 3669 1413 3726 sqq.
1463 3649 1532 3709 cf.
1579 3649 1883 3722 Harnack,
1930 3648 2067 3708 Art.
2117 3649 2532 3727 Apostolicum
2579 3650 2640 3708 in

399 3734 822 3812 Herzog-Plitt
867 3736 942 3794 R.
987 3736 1086 3814 E.)
1132 3745 1202 3797 ut
1246 3738 1548 3796 Romanos
1594 3737 1911 3797 Britonum
1959 3739 2258 3816 apostolos
2304 3739 2483 3798 fuisse
2530 3739 2642 3798 tibi

397 3825 501 3883 vix
531 3824 904 3902 persuadeas,
953 3832 1013 3884 et
1043 3826 1432 3886 orientalibus
1472 3827 1725 3903 symboli
1755 3827 1975 3898 formiS,
2025 3827 2375 3904 quibuscum
2406 3828 2642 3886 Irenaei

400 3914 729 3991 symbolum
777 3914 1114 3990 congruisse
1160 3922 1410 3993 apparet
1456 3937 1529 3975 ex
1574 3916 1796 3993 regulis
1841 3915 1997 3988 fidei,
2047 3936 2197 3993 quae
2239 3918 2399 3994 apud
2444 3917 2640 3995 ipsum

397 4003 776 4081 reperiuntur
807 4003 1033 4079 (Hahn,
1070 4023 1128 4080 p.
1166 4004 1196 4060 1
1234 4008 1364 4082 sq.),
1411 4004 1660 4064 similior
1690 4011 1797 4078 est,
1844 4026 2021 4081 quam
2053 4005 2159 4063 ulli
2191 4005 2638 4065 occidentalium

398 4093 798 4168 symbolorum
843 4093 1083 4151 formae.
1108 4091 1131 4127 ¹

583 4302 603 4334 ¹
641 4300 797 4354 Proh
834 4300 1027 4356 dolor!
1092 4305 1152 4355 et
1188 4301 1363 4370 ipsius
1401 4302 1649 4356 auctoris
1696 4302 2085 4356 additamenta
2130 4307 2190 4356 et
2234 4302 2533 4358 verborum
2580 4305 2639 4357 in

400 4372 686 4426 codicibus
714 4373 1072 4441 corruptelae
1105 4372 1442 4441 impediunt,
1481 4373 1779 4443 quominus
1818 4375 2137 4428 accuratius
2174 4375 2280 4429 hoc
2319 4375 2638 4445 symbolum
