3134 5034
1540 327 1977 385 —70—

633 507 891 567 Betham
936 505 1033 579 II,
1098 525 1232 583 app.
1280 525 1337 582 p.
1384 504 1648 575 XXVI;
1709 502 1968 562 Adamn.
2016 504 2121 564 vit.
2168 502 2295 562 Col.
2345 503 2403 574 2,
2461 502 2567 574 69,
2632 521 2692 578 p.
2744 501 2902 572 2225

641 590 700 668 1‚'
749 593 850 666 15,
896 615 954 672 p.
990 594 1147 666 203;
1202 595 1255 667 1,
1311 593 1411 666 14,
1456 614 1513 672 Ρ.
1548 593 1677 650 203
1727 599 1788 651 et
1833 592 2021 669 alibi),
2071 597 2244 652 tanta
2290 597 2438 664 erat,
2483 597 2557 649 ut
2605 609 2895 648 nonnum-

635 703 814 760 quam
845 682 1014 743 flexis
1047 682 1299 759 genibus
1325 681 1574 740 adeum
1605 681 1953 740 accederent
1982 681 2256 740 monachi
2288 680 2391 757 (ib.
2427 681 2482 752 3,
2518 680 2630 752 87,
2664 699 2724 756 p.
2754 679 2896 749 228,

636 774 707 832 cf.
766 773 820 845 1,
871 774 927 844 6,
975 793 1033 850 p.
1084 771 1257 847 201),
1318 776 1386 830 ut
1441 791 1514 828 ex
1559 769 1813 829 arbitrio
1861 770 2043 830 etiam
2088 770 2378 829 inusitata
2422 769 2576 827 hora
2624 768 2727 828 vel
2771 767 2897 844 ipsa

633 867 808 919 nocte
870 880 980 937 per
1041 879 1210 917 suum
1265 859 1576 937 proprium
1632 858 1969 917 ministrum
2016 857 2302 934 (Adamn.
2348 857 2454 916 vit.
2502 856 2639 915 Col.
2697 858 2751 929 1,
2805 858 2901 913 11.

638 951 741 1006 22.
793 948 895 1006 25.
945 949 1026 1006 26
1077 946 1245 1024 alibi)
1308 948 1479 1025 pulsa
1536 948 1731 1006 clocca
1787 948 2002 1006 fratres
2064 947 2127 1005 in
2175 946 2479 1005 ecclesiam
2527 944 2898 1004 convocandi

635 1042 995 1115 potestatem
1056 1036 1306 1096 haberet
1367 1037 1469 1112 (ib.
1523 1037 1577 1110 1,
1632 1036 1730 1109 11,
1786 1056 1844 1113 p.
1894 1036 2056 1108 202;
2127 1037 2179 1108 1,
2232 1036 2334 1108 21,
2390 1056 2448 1112 Ρ.
2499 1034 2685 1110 205).
2778 1034 2901 1093 Nec

636 1133 837 1185 tamen
891 1125 993 1183 ille
1049 1126 1208 1184 solus
1263 1125 1536 1183 omnibus
1583 1125 2004 1183 monachorum
2051 1124 2265 1183 studiis
2313 1125 2407 1183 vel
2455 1124 2751 1200 operibus
2797 1141 2902 1179 nec

637 1216 796 1273 solus
843 1214 1117 1291 regendis
1157 1214 1399 1292 populis
1444 1219 1741 1291 praeerat,
1788 1215 1892 1273 sed
1923 1234 1960 1271 a
1991 1213 2324 1272 senioribus
2355 1211 2443 1270 ita
2475 1212 2897 1287 adjuvabatur,

636 1309 705 1362 ut
750 1303 1056 1379 graviores
1103 1323 1196 1361 res
1245 1323 1364 1360 non
1410 1302 1537 1360 sine
1586 1320 1788 1359 eorum
1835 1302 2080 1361 consilio
2127 1301 2487 1377 dijudicaret
2520 1300 2726 1376 (Beda
2764 1299 2821 1356 h.
2853 1318 2899 1356 e.

641 1393 696 1465 3,
748 1392 784 1449 5
834 1392 870 1468 ἓ
923 1390 1075 1467 164)
1138 1395 1199 1449 et
1258 1396 1328 1449 ut
1389 1410 1573 1448 unum
1636 1410 1709 1448 ex
1769 1390 1888 1450 illis
1937 1390 2278 1465 junioribus
2326 1388 2686 1467 praeficeret
2734 1407 2897 1464 prae·

636 1480 898 1558 positum
959 1479 1065 1554 (ib.
1129 1480 1183 1551 1,
1243 1480 1343 1551 33,
1399 1500 1457 1556 Ρ.
1508 1479 1664 1555 210)
1723 1480 1820 1537 vel
1882 1480 1987 1555 (ib.
2051 1480 2105 1552 1,
2165 1480 2265 1551 30,
2321 1499 2380 1556 Ρ.
2430 1479 2590 1552 209)
2659 1495 2898 1554 operum

638 1568 1124 1644 dispensatorem.
1201 1567 1421 1627 Tribus
1468 1563 1667 1627 autem
1715 1567 1945 1626 diurnis
1990 1568 2273 1645 operibus
2320 1566 2482 1643 apud
2513 1564 2899 1625 Adamanum

637 1657 957 1715 monachos
1002 1655 1337 1715 invenimus
1383 1656 1664 1729 intentos,
1710 1656 1938 1729 iisdem,
1987 1676 2139 1733 quae
2186 1656 2249 1713 in
2294 1656 2521 1731 regula,
2575 1674 2735 1731 quae
2774 1671 2897 1730 per·

637 1766 842 1823 peram
875 1744 1200 1803 Columbae
1247 1744 1603 1804 attribuitur
1650 1745 1755 1821 (H.
1787 1746 1907 1804 and
1939 1743 2027 1803 St.
2059 1744 2147 1816 II,
2203 1747 2232 1802 1
2279 1765 2337 1820 Ρ.
2377 1745 2549 1820 120),
2600 1740 2902 1801 monachis

640 1834 1026 1893 mandantur:
1074 1834 1459 1906 orationibus,
1506 1833 1830 1907 laboribus,
1877 1834 2247 1892 lectionibus.
2322 1833 2533 1908 Neque
2582 1832 2700 1890 hac
2747 1831 2809 1888 in
2838 1848 2900 1886 re

644 1923 962 2001 quicquam
1009 1923 1387 2000 conspicuum
1435 1929 1524 1981 est
1571 1923 1690 1981 nisi
1733 1922 1797 1979 in
1844 1922 2216 1981 orationibus
2261 1920 2721 1980 decantationes
2767 1919 2901 1976 illae

641 2013 1000 2091 psalmorum
1061 2011 1343 2087 (Adamn.
1390 2012 1481 2070 vit
1528 2010 1654 2070 Col.
1709 2012 1763 2083 1,
1814 2012 1914 2082 31,
1973 2032 2029 2088 Ρ.
2081 2012 2263 2086 209),
2326 2011 2398 2068 (10
2461 2010 2690 2086 quibus
2749 2007 2894 2065 infra

641 2102 814 2178 plura
875 2100 1126 2158 dicenda
1185 2107 1352 2172 sunt,
1411 2101 1475 2157 in
1530 2100 1838 2158 laboribus
1893 2100 2038 2172 tria,
2102 2119 2253 2176 quae
2315 2105 2646 2158 occurrunt
2703 2113 2892 2155 eorum

645 2209 887 2266 genera,
951 2187 1205 2264 primum
1265 2187 1564 2247 scribendi
1627 2188 1910 2265 (Adamn.
1966 2190 2017 2260 1,
2068 2188 2171 2261 22,
2227 2209 2285 2265 Ρ.
2336 2188 2509 2262 206),
2578 2184 2893 2246 secundum
2939 2223 2945 2232 ·

643 2296 862 2348 eorum,
913 2276 1015 2352 qui
1059 2276 1121 2333 in
1165 2277 1297 2354 ipso
1343 2276 1706 2335 monasterio
1751 2276 2099 2353 perficiendi
2145 2281 2319 2334 erant
2366 2274 2661 2351 (Adamn.
2701 2276 2755 2347 1,
2803 2272 2890 2341 22,

643 2387 700 2443 Ρ.
736 2365 891 2436 206;
942 2365 999 2436 2,
1035 2363 1136 2437 52,
1178 2386 1234 2442 p.
1270 2366 1444 2441 217),
1490 2364 1739 2423 tertium
1787 2384 2005 2437 eorum,
2055 2385 2201 2441 quos
2249 2364 2627 2441 agricultura
2676 2362 2891 2422 ferebat

605 2465 610 2470 '
644 2453 749 2530 (ib.
789 2454 843 2526 1,
863 2453 980 2523 430,
1025 2473 1082 2529 Ρ.
1118 2454 1290 2530 209).
1365 2453 1644 2529 Ι)0111(1110
1691 2473 1808 2511 11011
1857 2454 2130 2512 omittam
2178 2471 2642 2512 commemorare
2673 2452 2891 2510 labores

642 2542 779 2601 illos
825 2561 1201 2617 nequaquam
1246 2542 1311 2600 in
1357 2542 1623 2619 singulas
1652 2542 1789 2610 ,diei
1836 2542 2013 2601 horas
2060 2548 2223 2601 certa
2265 2541 2522 2618 quadam
2554 2543 2693 2617 lege
2725 2538 2893 2598 fuisse

646 2631 1027 2701 distributos,
1095 2630 1197 2688 sed
1242 2632 1539 2706 perfectos
1588 2650 1712 2689 esse
1759 2632 1854 2688 vel
1902 2631 2138 2706 quando
2186 2630 2503 2689 necessitas
2552 2630 2767 2689 aderat
2809 2622 2889 2685 vel

647 2719 884 2795 quando
932 2718 1235 2777 monachis
1283 2719 1377 2779 vel
1425 2719 1634 2778 abbati
1680 2719 2003 2777 collibebat
2051 2719 2334 2796 (Adamn.
2389 2720 2443 2791 1,
2494 2718 2600 2792 30,
2649 2741 2709 2796 p.
2747 2714 2885 2782 209;

651 2809 706 2880 1,
757 2808 860 2879 21,
915 2827 972 2883 Ρ.
1021 2806 1193 2883 205).
1270 2805 1565 2868 Attamen
1620 2808 1994 2866 horariarum
2050 2828 2294 2886 precum
2349 2808 2719 2867 mentionem
2766 2818 2886 2862 casu

648 2894 907 2973 quodam
953 2897 1031 2955 ab
1076 2893 1439 2955 Adamnano
1486 2898 1708 2955 factam
1753 2917 1873 2955 non
1921 2917 2045 2955 esse
2095 2896 2362 2974 opinor.1

647 3025 656 3029 -
720 3037 726 3041 .
824 2983 995 3044 Haec
1040 2985 1345 3043 hactenus.
1420 2986 1577 3045 Nam
1621 2986 1715 3046 ad.
1746 2985 2205 3063 comparandam
2248 2984 2552 3043 ecclesiam
2587 2983 2886 3043 Scotorum

648 3092 779 3130 cum
824 3072 1099 3131 Romana
1146 3071 1471 3131 Columbae
1517 3073 1767 3133 historia
1815 3094 2019 3132 ansam
2067 3094 2187 3132 non
2233 3074 2506 3151 praebet,
2573 3072 2718 3149 quia
2761 3076 2886 3128 tunc

646 3160 933 3237 temporis
993 3162 1066 3220 de
1125 3160 1201 3219 iis
1261 3162 1464 3235 rebus,
1528 3181 1680 3238 quae
1741 3162 2173 3240 posterioribus
2234 3157 2606 3239 temporibus
2672 3163 2886 3218 contro·

647 3249 903 3308 versiam
950 3250 1386 3324 excitaverunt,
1443 3271 1562 3309 non
1604 3254 1731 3327 jam
1779 3252 2085 3327 agebatur.
2178 3249 2532 3326 Quanquam
2582 3242 2887 3308 011111100-

647 3337 849 3396 lumba
910 3339 1115 3398 eadem
1176 3338 1315 3398 festi
1372 3340 1670 3417 paschalis
1733 3339 2175 3416 computatione
2235 3340 2520 3397 utebatur
2582 3343 2645 3397 et
2688 3332 2887 3393 eadem

646 3432 894 3485 tonsura
949 3433 1221 3487 attonsus
1282 3434 1414 3487 erat
1458 3434 1642 3504 atque
1688 3427 2038 3504 posterioris
2085 3427 2371 3504 temporis
2418 3425 2585 3486 Scoti
2635 3459 2714 3471 —-
2765 3435 2885 3480 nam

650 3520 711 3573 et
752 3515 1044 3575 Columba
1074 3517 1472 3577 Luxoviensis
1518 3522 1838 3593 utrumque
1885 3536 2107 3574 morem
2149 3519 2275 3591 jam
2321 3522 2464 3575 tunc
2509 3515 2574 3573 in
2604 3505 2886 3573 Hibernia

648 3603 830 3660 fuisse
862 3604 1034 3662 testis
1066 3611 1156 3665 est
1179 3612 1240 3665 et
1258 3605 1429 3665 Beda
1450 3605 1667 3683 prioris
1694 3605 2054 3663 mentionem
2077 3605 2221 3663 fecit
2245 3605 2326 3680 (h.
2352 3625 2399 3665 0.
2429 3605 2483 3675 3,
2512 3604 2552 3661 4
2578 3605 2613 3681 g
2645 3602 2795 3673 160)
2815 3624 2881 3638 -·

648 3696 867 3762 tamen,
917 3711 1048 3749 cum
1081 3692 1372 3754 Columba
1416 3694 1567 3753 nihil
1609 3693 1940 3753 commercii
1972 3693 2252 3754 habuerit
2283 3714 2413 3752 cum
2445 3690 2752 3761 Romanis,
2795 3683 2883 3743 ab·

644 3781 805 3853 jecta
861 3779 1204 3840 Adamnani
1264 3783 1492 3856 fabula,
1553 3802 1706 3858 quae
1764 3782 2115 3842 Columbam
2174 3783 2320 3842 facit
2379 3778 2884 3861 praenuntiantem

647 3869 914 3927 futuram
975 3868 1047 3927 de
1110 3871 1477 3930 celebrandis
1530 3870 1698 3929 festis
1754 3870 1964 3929 diebus
2010 3872 2386 3949 paschalibus
2435 3862 2883 3930 controversiam

651 3959 735 4032 (1,
771 3958 828 4030 8,
876 3978 934 4034 p.
968 3958 1141 4032 201),
1191 3957 1612 4034 suspicandum
1645 3963 1749 4029 est,
1799 3977 1930 4015 eum
1962 3978 2081 4016 non
2113 3960 2363 4032 novisse,
2412 3959 2557 4035 quid
2588 3959 2881 4017 Scotorum

649 4046 962 4122 proprium
1008 4045 1102 4105 sit.

826 4135 1038 4210 Neque
1085 4132 1324 4191 omnino
1371 4132 1444 4189 de
1489 4136 1745 4209 utroque
1792 4154 1953 4193 more
1999 4137 2186 4194 multa
2233 4135 2482 4194 dicenda
2513 4140 2668 4194 sunt.
2740 4125 2879 4185 Nam

798 4345 820 4375 ²
858 4341 948 4395 De
997 4341 1317 4408 puellarum
1368 4342 1752 4408 monasteriis,
1808 4344 1879 4397 de
1927 4344 2127 4411 quibus
2168 4343 2538 4397 Adamnanus
2575 4340 2682 4395 nisi
2718 4326 2877 4390 semel

656 4414 730 4482 (2,
777 4412 860 4478 75,
902 4429 957 4480 p.
1001 4412 1133 4480 224)
1171 4412 1518 4466 mentionem
1557 4431 1673 4466 non
1709 4414 1862 4480 fecit,
1904 4414 2052 4467 infra
2093 4416 2173 4482 (p.
2214 4414 2307 4482 81)
2349 4414 2550 4467 (1100111.

3046 1835 3052 2002 1
