3134 5034
1496 258 1931 315 ..58-

604 436 770 511 iniit,
840 442 1039 496 tamen
1100 437 1422 496 absurdum
1484 443 1575 497 est
1643 437 1797 495 hanc
1857 436 2046 514 ipsam
2110 436 2186 496 ob
2247 456 2530 496 causam
2605 436 2805 496 fidem
2871 436 2924 495 ei

600 528 907 604 abrogare.
997 527 1219 588 Narrat
1265 533 1462 586 autem
1508 527 1668 585 inter
1712 525 1830 585 alia
1892 526 2079 585 multa
2138 525 2256 585 tria
2319 525 2698 602 miracula,
2769 546 2923 604 quae

601 615 950 675 Columbam
984 615 1233 674 edidisse
1263 616 1465 689 refert,
1496 636 1629 674 cum
1660 612 1892 696 juvenis
1935 613 2215 676 diaconus
2257 613 2321 675 in
2362 611 2716 676 Hibernia
2749 614 2924 695 apud

601 702 668 765 F
661 703 1010 766 mdbarrum
1041 713 1304 763 sanctum
1342 702 1681 784 episcope-m
1711 713 2097 766 commaneret
2127 705 2257 779 (vit.
2290 703 2444 764 Col.
2484 707 2548 780 1,
2582 707 2628 763 2
2658 728 2726 784 p.
2764 707 2917 776 1993

603 798 659 868 2,
696 794 777 854 59
811 816 869 872 p.
903 795 1061 866 2183
1113 795 1170 866 2,
1204 794 1282 852 41
1321 816 1379 873 p.
1415 795 1587 871 214).
1671 795 1868 854 Erant
1923 815 2064 871 ergo
2125 794 2365 854 diaconi
2422 796 2621 875 apud
2677 794 2916 866 Scotos,

602 893 661 943 et
708 903 824 959 quo
871 903 1111 941 munere
1157 884 1347 943 functi
1393 884 1513 943 sint
1559 877 1634 942 ne
1680 884 1871 943 dicam
1920 883 2242 944 Columbae
2289 890 2479 944 certe
2532 883 2915 944 Adamnani

598 972 990 1051 temporibus,
1046 973 1199 1032 forte
1254 974 1494 1032 fortuna
1548 973 1723 1033 docet
1775 993 1895 1032 una
1959 994 2030 1031 ex
2090 974 2283 1033 tribus
2326 973 2472 1033 illis
2528 973 2914 1034 Adamnani

600 1061 1085 1135 narratiunculis,
1159 1063 1379 1141 quippe
1434 1063 1497 1121 in
1561 1083 1679 1139 qua
1736 1063 2120 1123 inveniantur
2178 1064 2428 1122 haecce:
2506 1063 2612 1124 ad
2658 1061 2911 1147 fontem

597 1160 828 1233 sumpto
874 1150 1073 1233 peryit
1118 1151 1294 1228 (Col.)
1341 1171 1539 1224 urceo,
1601 1160 1665 1211 ut
1721 1151 1806 1213 ad
1861 1170 2065 1211 sacrae
2124 1149 2537 1213 anabaud-stiae
2604 1151 2911 1233 mysteria

598 1261 814 1323 aquam
872 1240 1045 1322 quasi
1102 1240 1382 1301 diaconus
1426 1239 1750 1322 fontanam
1808 1238 2095 1313 hauriret,
2156 1240 2280 1322 ipse
2337 1241 2595 1323 quippe
2665 1240 2798 1304 z‘llzzs·
2843 1240 2906 1301 in

599 1329 798 1393 diebu-3
860 1339 986 1392 erat
1043 1329 1105 1389 in
1168 1328 1509 1390 diaconam
1565 1330 1764 1412 yradu
1821 1329 2241 1391 administrans
2288 1333 2381 1409 (2,
2434 1334 2535 1390 41
2596 1355 2665 1411 p.
2718 1333 2903 1408 214).

601 1420 831 1497 Quibus
878 1419 1073 1479 verbis
1120 1419 1264 1497 quid
1295 1420 1548 1479 clarius?
1610 1420 2012 1480 Diaconorum
2042 1421 2222 1481 fuisse
2252 1421 2316 1479 in
2362 1422 2896 1482 administrando

600 1530 839 1569 munere
886 1507 1179 1587 episcopis
1225 1509 1301 1567 ad
1345 1529 1551 1569 manus
1600 1530 1723 1570 esse
1769 1530 1879 1589 pro
1926 1516 2087 1570 certo
2135 1516 2384 1571 constat.

777 1596 897 1656 Sed
945 1598 1089 1676 quid
1120 1598 1193 1658 (le
1225 1598 1370 1676 ipsis
1402 1598 1709 1677 episcopis,
1757 1599 1900 1675 quid
1939 1599 2011 1658 de
2042 1600 2407 1678 presbyteris
2453 1601 2889 1678 ⁴iudicandum

599 1688 728 1748 est?
774 1687 1182 1767 Reperiuntur
1228 1688 1382 1746 enim
1414 1692 1654 1766 praeter
1685 1689 1961 1748 diaconos
2007 1694 2069 1748 et
2113 1689 2175 1747 in
2221 1691 2560 1750 annalibus
2616 1696 2687 1749 et
2721 1689 2888 1769 apud

596 1778 823 1837 Bedam
870 1783 930 1836 et
975 1778 1037 1836 in
1082 1778 1225 1837 vitis
1272 1775 1629 1837 Sanctorum
1676 1783 1736 1837 et
1788 1780 2267 1856 presbyterorum
2315 1786 2375 1839 et
2422 1782 2881 1860 episcoporum

598 1867 853 1927 nomina.
946 1867 1035 1927 At
1090 1868 1396 1947 episcopos
1456 1868 1591 1926 illos
1653 1867 1767 1927 nisi
1813 1867 2049 1926 nomine
2094 1868 2359 1928 diversos
2404 1890 2540 1929 non
2594 1869 2797 1929 fuisse
2844 1889 2879 1926 a

595 1957 959 2036 presbyteris
1020 1978 1392 2035 nequaquam
1451 1977 1604 2017 unus
1664 1957 1975 2016 Ebrardus
2032 1959 2113 2036 (p.
2153 1958 2276 2016 168
2308 1961 2468 2036 sqq.)
2543 1957 2877 2018 contendit

598 2047 739 2124 (vid.
789 2046 984 2105 Skene
1015 2045 1103 2120 II,
1135 2068 1192 2125 p.
1229 2047 1353 2124 93).
1424 2048 1592 2123 Ergo
1640 2068 1758 2106 non
1804 2048 1962 2107 solus
2013 2047 2251 2106 erravit.
2342 2048 2505 2108 Nam
2563 2048 2869 2108 erravisse

596 2157 727 2195 eum
788 2136 957 2194 testis
1018 2142 1109 2195 est
1160 2135 1567 2195 Adamnanus.
1659 2137 1881 2196 Narrat
1935 2136 2089 2194 enim
2148 2139 2233 2211 (l,
2275 2137 2355 2195 35
2398 2157 2459 2215 p.
2514 2140 2662 2197 210
2713 2138 2866 2214 sqq.)

596 2225 934 2303 episcopum
980 2224 1272 2301 quendam
1320 2225 1393 2282 de
1437 2224 1924 2285 Momoniensium
1984 2225 2288 2302 provincia
2332 2226 2379 2285 J
2379 2247 2568 2286 onam
2622 2227 2859 2288 venisse

593 2315 795 2391 ibique
855 2314 1159 2372 humiliter
1218 2316 1631 2392 presbyterum
1689 2335 1750 2374 se
1813 2335 1936 2373 esse
2004 2316 2331 2393 professum
2392 2337 2521 2375 esse
2596 2323 2666 2376 et
2728 2315 2857 2376 aliis

593 2405 770 2463 rebus
818 2409 878 2462 et
922 2403 1041 2477 ita,
1088 2410 1155 2462 ut
1194 2406 1393 2479 jussus
1439 2425 1474 2462 a
1521 2402 1813 2464 Columba
1864 2398 2079 2464 Christi
2119 2424 2333 2483 empus
2378 2423 2449 2464 em
2496 2425 2681 2466 more
2727 2424 2848 2465 con-

593 2493 759 2555 ficere
792 2491 1141 2551 Columbam
1186 2492 1520 2568 advocaret,
1566 2502 1631 2552 ut
1674 2490 1852 2553 ‚simul
1895 2492 2064 2575 qua-si
2106 2492 2226 2553 duo
2255 2492 2604 2574 presbyteri
2632 2490 2844 2555 Domi-

593 2581 790 2641 nicum
821 2600 1049 2661 panem
1087 2579 1449 2664 franqerent.
1541 2581 1662 2641 Sed
1708 2582 2072 2657 Columbam,
2122 2604 2314 2660 quem,
2363 2584 2465 2661 qui
2515 2590 2689 2644 esset
2735 2585 2831 2651 ille,

593 2673 797 2748 fugere
844 2691 961 2729 non
1007 2670 1313 2749 potuisset,
1361 2691 1492 2729 cum
1539 2672 1616 2730 ad
1647 2672 1860 2730 altaria
1905 2672 2246 2732 accessisset
2290 2673 2581 2733 intuitum
2630 2674 2839 2733 faciem

594 2765 721 2838 ejus
783 2760 867 2821 sic
928 2781 1061 2819 eum
1118 2761 1520 2839 compellasse:
1583 2756 1906 2820 Benedicat
1949 2768 2001 2820 te
2065 2756 2346 2836 C'lzristus,
2391 2761 2634 2844 frater-3
2697 2761 2841 2823 hune

592 2848 749 2912 solus
794 2847 1112 2931 episcopali
1152 2849 1272 2909 ritu
1300 2848 1524 2931 franye
1570 2870 1819 2932 panem3
1878 2871 2033 2910 mmo
2085 2849 2297 2910 scimus
2340 2849 2502 2931 quod
2545 2852 2633 2913 eis
2697 2849 2837 2932 epic-

593 2961 802 3019 eopus:
862 2960 1042 3021 quare
1100 2937 1390 3020 hucusque
1447 2948 1498 2999 te
1559 2936 1845 3000 occultare
1904 2948 2144 2999 conatus
2189 2959 2272 3011 68,
2328 2949 2391 3000 ut
2434 2938 2543 3000 tibi
2589 2962 2634 3001 a
2681 2936 2842 3001 nobie

594 3027 785 3089 debita
829 3048 945 3088 non
989 3028 1330 3089 redderetur
1374 3027 1676 3088 veneratio.
1738 3028 1911 3089 Unde
1957 3049 2075 3088 non
2122 3031 2310 3088 solum
2356 3032 2635 3107 sequitur
2683 3025 2838 3109 apud

594 3119 804 3178 Scotos
850 3137 1085 3195 quoque
1145 3118 1325 3177 fuisse
1390 3118 1782 3197 episcopalem
1842 3119 2091 3196 gradum
2154 3140 2402 3197 eumque
2465 3123 2835 3199 superiorem

593 3207 984 3287 presbyteris,
1046 3207 1149 3268 sed
1213 3208 1389 3266 etiam
1454 3214 1706 3286 apparet
1767 3210 2174 3286 episcoporum
2227 3210 2407 3268 fuisse
2452 3209 2832 3288 privilegium

595 3296 1011 3356 eucharistiam
1060 3298 1355 3356 celebrare
1400 3298 1523 3357 ritu
1568 3296 1898 3376 pontificali
1944 3298 1980 3357 i.
2015 3320 2062 3357 e.
2108 3320 2227 3358 non
2273 3299 2585 3359 assistente
2632 3301 2832 3359 altero,

593 3388 812 3447 Itidem
875 3407 947 3444 ex
1003 3388 1145 3461 alia,
1206 3388 1268 3445 in
1333 3408 1509 3465 quam
1566 3387 1820 3446 Skenius
1868 3386 1962 3461 (II
2005 3409 2062 3465 p.
2114 3389 2221 3463 94)
2280 3388 2515 3447 demum
2571 3390 2829 3448 animum

596 3496 788 3535 meum
835 3477 1149 3544 convertit,
1198 3476 1538 3535 Adamnani
1586 3477 2030 3536 narratiuncula
2076 3478 2161 3551 (1,
2212 3478 2293 3535 29
2341 3501 2398 3557 p.
2434 3479 2606 3556 208),
2658 3492 2830 3554 quam

595 3586 871 3624 enarrare
917 3567 1158 3643 longum
1206 3572 1312 3641 est,
1362 3567 1756 3644 colligendum
1789 3572 1879 3626 est
1911 3566 2316 3644 episcoporum
2357 3567 2536 3627 fuisse
2585 3560 2826 3627 solemni

593 3655 716 3714 ritu
762 3656 822 3713 in
870 3657 1242 3715 sacerdotum
1288 3676 1598 3716 numerum
1643 3656 1903 3733 recipere
1950 3655 2207 3730 clericos.

774 3745 941 3819 Quae
989 3766 1120 3804 cum
1167 3747 1253 3804 ita
1301 3747 1436 3818 sint,
1485 3744 1665 3804 etiam
1699 3744 1996 3803 difficilior
2034 3746 2193 3804 facta
2226 3753 2318 3805 est
2351 3746 2636 3824 quaestio,
2688 3739 2821 3822 quid

594 3837 667 3894 de
713 3835 1204 3894 monasteriorum
1252 3854 1572 3911 eorumque
1605 3834 1890 3892 abbatum
1922 3835 2276 3893 auctoritate
2316 3835 2700 3912 judicandum
2730 3831 2818 3891 sit·

597 3925 715 3984 Sed
763 3925 840 3983 ad
885 3924 1225 3985 solvendam
1272 3944 1425 3995 eam,
1488 3923 1539 3981 si
1585 3922 1735 3981 solvi
1778 3929 2001 4000 potest,
2063 3929 2298 3999 praesto
2346 3924 2513 3983 adest
2573 3920 2818 4003 epistula

593 4015 713 4088 illa,
762 4034 938 4090 quam
995 4033 1150 4070 anno
1216 4013 1341 4069 640
1394 4011 1443 4071 J
1443 4012 1702 4070 ohannes
1747 4010 1841 4070 IV
1885 4032 2042 4088 papa
2087 4012 2252 4088 genti
2298 4011 2606 4072 Scotorum
2668 4007 2817 4070 misit

596 4103 787 4181 (Beda
833 4103 889 4159 h.
924 4123 971 4159 e.
1022 4102 1077 4174 2,
1133 4102 1211 4158 19
1261 4102 1296 4178 ἓ
1349 4101 1472 4159 143
1520 4102 1633 4178 sq.)
1679 4100 1991 4178 inscripta:
2039 4095 2448 4160 Dilectissimis
2493 4110 2545 4162 et
2589 4095 2814 4162 sanatis-

594 4190 756 4251 sz'mz's
810 4188 1113 4260 Tomiano,
1166 4184 1536 4263 Columbano,
1589 4186 1900 4260 Oromano,
1948 4184 2194 4249 Dinnao
2240 4197 2292 4248 et
2336 4185 2638 4251 Baithano
2681 4185 2810 4270 epis-

595 4279 753 4359 copis
763 4301 784 4351 ,·
834 4276 1129 4339 Oromano
1176 4274 1572 4359 Emianoque,
1621 4275 1960 4350 Laistrana
2008 4274 2271 4338 Soellano
2319 4287 2369 4339 et
2401 4276 2622 4361 Seyeno
2656 4294 2813 4360 pres·

596 4367 835 4448 bytem'e3
885 4365 1121 4427 Sar-ano
1168 4366 1470 4449 cetem'sque
1516 4366 1843 4428 doctoribus
1888 4386 1987 4427 seu
2032 4364 2329 4427 abbatibus
2375 4362 2598 4429 Scottis.
2659 4369 2812 4429 Haec
