3134 5034
1220 299 1646 361 -43—

311 477 546 537 nomine
578 477 789 537 Culdei
835 478 1076 536 ineunte
1122 478 1353 536 saeculo
1398 497 1555 537 nono
1586 476 1859 550 viventis,
1904 478 2150 537 eundem
2197 498 2324 539 esse
2368 484 2549 556 atque

310 566 639 627 Patricium
685 568 1016 643 apostolum
1061 566 1200 624 inde
1257 567 1488 625 efficere
1544 572 1791 625 conatus
1837 573 1928 626 est
1944 611 1958 639 ‚
2022 567 2206 645 quod,
2268 587 2400 625 cum
2447 564 2570 625 ’.[’1-Ι

309 656 597 717 rechanus
653 655 982 713 Patricium
1037 675 1191 713 anno
1251 655 1379 712 458
1436 655 1530 715 vel
1588 655 1712 712 461
1772 661 2069 714 mortuum
2126 674 2251 715 esse
2304 661 2549 732 putaret

310 746 373 820 (i.
431 766 478 802 e.
535 745 767 803 duobus
822 745 919 803 vel
980 743 1241 821 quinque
1301 743 1470 802 annis
1529 750 1669 801 ante
1730 742 1976 819 Logairi
2038 745 2195 821 regis
2256 748 2548 821 mortem),

308 831 654 912 posterioris
709 833 992 909 temporis
1049 833 1291 890 annales
1352 832 1427 890 ad
1493 832 1744 895 eundem
1804 853 2022 890 annum
2084 833 2239 892 senis
2298 833 2549 891 Patricii

310 927 559 982 mortem
607 922 899 981 referrent
943 922 1136 998 ipsum
1168 921 1500 979 Patricium
1541 922 1874 997 apostolum
1919 942 2074 981 anno
2123 922 2249 979 492
2299 927 2548 980 mortem

309 1011 527 1069 obi-isse
573 1008 708 1067 rati.
802 1009 1105 1087 Originem
1165 1016 1363 1068 autem
1422 1009 1624 1068 variae
1685 1009 1845 1069 illius
1905 1011 2154 1069 rationis
2208 1011 2271 1069 in
2333 1010 2546 1068 descri-

310 1099 505 1157 bendo
552 1105 842 1174 tempore,
893 1119 1010 1175 quo
1055 1098 1357 1157 Patricius
1403 1104 1672 1157 mortuus
1718 1103 1895 1171 esset,
1944 1098 2245 1157 adhibitae
2294 1098 2548 1158 Skenius

310 1186 449 1245 inde
504 1186 771 1264 repetiit,
841 1188 998 1263 quod
1056 1207 1187 1244 cum
1243 1186 1607 1245 Tirechanus
1666 1187 1746 1244 30
1804 1188 1927 1245 fere
1982 1206 2166 1246 annos
2219 1187 2549 1246 Patricium

309 1276 612 1334 Hibernos
654 1274 920 1334 docuisse
961 1276 1308 1353 putavisset,
1356 1274 1710 1353 posteriores
1755 1275 1916 1334 illiu's
1960 1276 2245 1354 temporis
2287 1275 2549 1353 spatium

314 1366 394 1422 60
428 1365 524 1423 vel
559 1365 639 1420 72
689 1363 859 1423 annis
906 1365 1164 1423 finirent.
1256 1363 1626 1440 Simulatque
1672 1384 1811 1424 vero
1843 1363 2171 1424 Patricium
2218 1385 2370 1423 anno
2415 1364 2542 1421 492

309 1454 404 1512 vel
452 1453 579 1510 493
630 1458 925 1511 mortuum
972 1473 1096 1512 esse
1145 1451 1309 1512 Scoti
1355 1452 1474 1511 sibi
1524 1453 1984 1529 persuasissent,
2054 1454 2390 1531 opinionem
2451 1472 2547 1511 ex-

309 1540 530 1600 stitisse
576 1541 852 1618 opinatus
899 1547 990 1600 est
1035 1540 1319 1613 SkeniuS,
1379 1542 1632 1599 alterum
1688 1561 1812 1600 esse
1857 1542 2189 1601 Patricium
2245 1542 2347 1619 qui
2393 1561 2548 1600 anno

311 1627 467 1702 458,
526 1630 779 1688 alterum
836 1631 938 1706 qui
992 1650 1148 1689 anno
1196 1630 1323 1687 492
1372 1629 1500 1688 vita
1557 1630 1917 1690 decessisset.
2011 1631 2184 1705 Quod
2232 1651 2362 1695 cum
2408 1635 2548 1689 ante

312 1719 608 1778 saeculum
654 1738 873 1776 nonum
919 1720 1141 1777 factum
1186 1739 1305 1777 non
1353 1738 1478 1776 esse
1525 1719 1829 1796 opinetur,
1892 1721 2124 1780 saeculo
2180 1739 2336 1779 nono
2383 1717 2549 1778 Fieci

310 1807 588 1884 hymnum
635 1807 1026 1883 compositum
1074 1828 1198 1866 esse
1246 1807 1489 1866 censuit.

485 1896 654 1955 Haec
707 1902 838 1954 tota
894 1895 1102 1955 Skenii
1158 1895 1454 1955 sententia
1507 1896 1689 1955 timeo
1745 1917 1820 1955 ne
1881 1898 2150 1973 sagacior
2194 1899 2297 1970 sit,
2370 1920 2548 1975 quam

309 1984 523 2043 verior.
614 1985 770 2044 Nam
824 1986 1012 2043 multa
1068 1991 1232 2057 sunt,
1303 2004 1454 2060 quae
1510 1985 1566 2043 ei
1621 1991 1974 2062 repugnent.
2066 1985 2215 2044 Cum
2271 1987 2431 2062 quod
2483 1988 2548 2045 in

308 2073 525 2148 hymno
582 2079 833 2150 uterque
880 2073 1178 2132 Patricius
1234 2072 1438 2131 eodem
1495 2073 1591 2132 die
1647 2079 1912 2134 mortuus
1968 2095 2093 2133 esse
2148 2074 2368 2132 dicitur
2421 2082 2548 2134 tum

310 2161 594 2235 omnium,
643 2162 747 2238 qui
792 2161 1044 2220 Patricii
1088 2161 1373 2220 historiae
1417 2162 1883 2236 subsducuntur,
1942 2164 2296 2228 calculorum
2344 2171 2405 2223 et
2448 2182 2548 2223 va-

307 2251 490 2309 rietas
537 2256 598 2309 et
642 2251 869 2309 incerta
915 2252 1112 2326 orig03
1158 2271 1293 2308 nam
1339 2250 1658 2324 annalium,
1707 2251 1810 2328 qui
1840 2251 2170 2311 Patricium
2217 2272 2371 2311 anno
2419 2253 2546 2311 492

308 2340 404 2398 vel
451 2339 578 2398 493
626 2345 877 2398 mortem
923 2340 1139 2399 obiisse
1184 2341 1468 2412 referunt,
1516 2339 1916 2417 antiquissimi
1962 2342 2195 2400 saeculo
2241 2341 2550 2401 undecimo

311 2434 562 2487 exeunte
609 2428 930 2505 conscripti
975 2434 1115 2487 sunt
1161 2431 1255 2504 (cf.
1306 2427 1557 2501 Schoell,
1604 2451 1662 2506 p.
1698 2429 1779 2486 50
1814 2431 1945 2506 sq.).
2037 2429 2358 2489 Praeterea
2405 2431 2550 2489 mihi

310 2517 668 2594 persuadere
713 2537 832 2575 non
876 2537 1117 2595 possum
1163 2517 1520 2576 calculorum
1561 2517 1912 2578 varietatem
1960 2518 2271 2591 suffecisse,
2318 2525 2388 2598 ut
2433 2520 2552 2578 duo

310 2606 557 2664 Patricii
621 2605 1003 2682 fingerentur.
1096 2604 1388 2664 Attamen
1431 2622 1566 2665 'non
1628 2606 1863 2665 omnino
1925 2606 2133 2666 Skenii
2192 2608 2550 2666 sententiam

311 2694 532 2770 rejici0‚
578 2694 757 2753 immo
803 2696 1046 2754 maximi
1092 2695 1374 2754 momenti
1421 2716 1547 2755 esse
1594 2701 1743 2773 puto
1788 2697 2147 2755 mentionem
2193 2697 2357 2755 illam
2405 2698 2549 2756 alte-

311 2783 434 2841 rius
496 2782 764 2841 Patricii.
857 2783 975 2842 Sed
1042 2790 1189 2861 puto
1259 2784 1523 2842 fabulam
1591 2785 1758 2842 illam
1829 2784 1901 2842 de
1972 2784 2202 2843 duobus
2271 2785 2550 2846 Patriciis

314 2877 505 2930 ortam
552 2892 670 2929 non
716 2892 867 2944 esse,
913 2871 1031 2933 nisi
1076 2872 1444 2944 accessisset,
1492 2872 1651 2949 quod
1698 2872 1770 2930 de
1815 2871 2090 2931 Palladio
2138 2894 2210 2930 ex
2254 2874 2550 2951 Prospero

312 2961 407 3019 vel
452 2960 620 3018 Beda
665 2960 829 3019 Scoti
874 2966 1248 3038 acceperunt.
1310 2959 1524 3037 Itaque
1572 2961 1645 3019 de
1674 2960 1956 3039 Prosperi
2002 2962 2347 3021 narratione
2394 2962 2552 3039 apud

315 3047 524 3107 Scotos
569 3056 810 3124 recepta
857 3049 959 3122 eis,
1007 3069 1156 3126 quae
1204 3068 1384 3127 supra
1430 3048 1573 3123 dixi,
1621 3070 1810 3126 pauca
1856 3050 2073 3109 addere
2119 3051 2263 3109 mihi
2309 3051 2505 3109 liceat.

487 3137 584 3194 Ex
628 3137 922 3216 Prospero
969 3139 1064 3198 vel
1110 3138 1278 3196 Beda
1332 3136 1540 3196 Scotos
1599 3138 1673 3197 de
1719 3138 1990 3198 Palladio
2048 3140 2411 3199 auditionem
2447 3138 2550 3199 'ac-

312 3226 533 3304 cepisse
590 3226 906 3299 affirmavi,
978 3227 1119 3303 quia
1174 3227 1553 3286 manifestum
1609 3227 1754 3285 mihi
1806 3228 2047 3287 videtur
2103 3249 2230 3288 esse
2283 3249 2551 3288 sermone

313 3322 551 3392 patrum
599 3317 759 3392 apud
805 3314 1014 3375 860106
1060 3316 1132 3374 de
1178 3315 1451 3374 Palladio
1507 3317 1594 3374 nil
1652 3315 1939 3375 traditum
1987 3337 2129 3375 esse.
2219 3318 2372 3377 Nam
2420 3337 2549 3375 cum

310 3402 584 3463 Muirchu
619 3411 701 3462 .et
755 3404 1156 3463 annotationis
1211 3404 1373 3462 illius
1429 3405 1501 3461 de
1556 3404 1821 3462 Patricio
1878 3411 1938 3463 et
1990 3405 2263 3463 Palladio
2327 3410 2550 3479 auctor,

314 3492 417 3568 qui
461 3491 640 3570 primi
683 3493 946 3551 Palladii
992 3492 1350 3552 mentionem
1395 3493 1686 3566 fecerunt,
1748 3492 1822 3550 de
1877 3500 2066 3553 morte
2111 3492 2371 3552 Palladii
2433 3515 2551 3552 non

315 3581 689 3639 consentiant
719 3616 802 3625 -—
843 3581 1112 3641 Muirchu
1159 3581 1314 3639 enim
1360 3580 1422 3639 in
1467 3581 1788 3639 Britannia
1834 3587 2129 3641 mortuum
2175 3603 2301 3642 esse
2346 3589 2553 3642 narrat

312 3668 675 3741 Palladium,
743 3668 840 3726 hic
896 3671 1054 3747 apud
1101 3669 1310 3729 Scotos
1356 3670 1706 3746 martyrium
1752 3689 1885 3728 eum
1929 3691 2172 3748 passum
2218 3692 2342 3730 esse
2388 3671 2550 3731 affir-

315 3763 439 3815 mat
477 3790 575 3830 —-,
622 3764 874 3835 apparet
917 3757 1008 3830 iis,
1057 3779 1208 3836 quae
1253 3759 1661 3818 annotationis
1705 3763 1911 3818 auctor
1955 3759 2131 3818 finxit
2175 3760 2248 3818 de
2295 3762 2551 3833 „sanctis

313 3845 610 3923 antiquis“
666 3846 811 3904 talia
866 3846 939 3905 de
992 3847 1266 3907 Palladio
1328 3848 1733 3924 tradentibus,
1805 3868 1879 3907 ne
1945 3849 2247 3907 minimam
2313 3849 2550 3926 quidem

248 3968 256 3976 ·
311 3933 487 3992 fidem
548 3955 673 3994 esse
733 3935 1083 3994 habendam.
1173 3935 1671 3996 Luculentissime
1732 3942 1932 3995 autem
1992 3937 2198 3995 eadem
2259 3958 2353 3997 res
2415 3938 2551 3997 inde

315 4022 718 4096 confirmatur,
792 4024 951 4100 quod
1007 4024 1224 4083 saeculi
1280 4025 1474 4085 octavi
1527 4026 1898 4103 temporibus
1954 4026 2113 4103 apud
2168 4024 2378 4086 Scotos
2434 4046 2551 4085 non

317 4111 596 4169 videntur
642 4111 913 4185 defuisse,
961 4112 1065 4189 qui
1109 4113 1455 4186 nescientes,
1505 4115 1650 4191 quid
1695 4114 1979 4192 Prosperi
2023 4115 2354 4174 narrationi
2398 4116 2549 4174 face·

313 4204 473 4272 rent,
537 4202 783 4260 eundem
838 4207 1124 4279 putarent
1169 4202 1502 4262 Palladium
1558 4209 1740 4279 atque
1785 4202 2131 4263 Patricium.
2221 4203 2422 4277 Unde,
2482 4211 2553 4265 ut

313 4287 576 4360 videtur,
638 4310 769 4348 cum
822 4291 1047 4350 factum
1104 4296 1281 4362 esset,
1342 4296 1410 4349 ut
1454 4290 1728 4350 Palladio
1775 4312 1989 4351 nomen
2034 4291 2331 4351 Patricius
2376 4292 2551 4352 adde-

313 4382 493 4449 retur,
545 4377 606 4451 ii,
655 4378 759 4454 qui
803 4379 985 4437 alium
1023 4379 1377 4454 judicabant
1405 4379 1740 4439 Palladium
1787 4381 1965 4440 alium
2003 4381 2349 4454 Patricium,
2394 4382 2553 4442 inter
