3134 5034
1159 309 1596 365 -79—

244 484 457 544 Testis
520 492 612 546 est
671 486 857 544 Beda.
961 486 1080 561 Qui
1140 505 1271 543 cum
1333 491 1625 562 putaret—
1601 486 1843 546 —melius
1905 508 2031 552 esse
2092 497 2216 547 tam
2277 506 2507 548 enorme

229 573 490 652 pondus
536 571 900 635 ecclesiastici
939 572 1235 655 reyiminis
1296 572 1484 634 dividi
1537 572 1600 632 in
1648 572 1860 653 plures
1922 577 2258 655 episcopos,
2330 597 2507 655 quam

244 669 403 722 tunc
437 671 638 737 erant,
692 661 1144 745 „prospiciamm
1190 662 1390 739 inquit
1438 664 1635 741 (epist.
1684 663 1760 722 ad
1804 664 2090 741 Ecgbert.
2138 667 2173 743 ἓ
2230 667 2330 740 10,
2377 666 2508 729 Ste-

243 771 402 811 vens
447 752 538 825 Π,
584 775 643 831 p.
681 753 834 826 316)
884 749 1042 811 locus
1087 748 1299 831 aliqui-9
1343 750 1860 824 monasteriorum,
1919 750 2023 812 ubi
2077 753 2238 814 sedes
2293 753 2506 835 episco-

236 837 415 921 palis
439 840 575 925 βπ
654 836 739 901 Et
783 859 854 900 ne
884 839 1051 922 forte
1095 837 1277 898 abbas
1322 836 1413 899 vel
1455 838 1730 900 monaehi
1764 837 1903 901 huie
1947 841 2173 903 decreto
2219 844 2510 903 contraire

245 947 326 987 ac
361 928 621 990 resistere
650 927 1004 1001 tentaverint,
1054 929 1225 989 detur
1254 925 1369 987 illis
1421 925 1671 1001 licentia,
1718 938 1781 989 ut
1826 928 1901 989 de
1944 929 2064 989 suis
2108 929 2254 1010 ipsis
2299 929 2511 1013 eliqant

242 1035 422 1089 eum,
483 1017 586 1099 qui
628 1017 930 1099 epzlscqaus
975 1017 1304 1088 ordinetur,
1351 1026 1403 1076 et
1447 1013 1846 1098 adjacentium
1891 1015 2179 1091 locorum,
2237 1029 2513 1102 quotquot

240 1105 341 1165 ad
390 1106 635 1167 eandem
679 1105 985 1166 dioecesim
1023 1105 1343 1188 pertinent,
1391 1125 1514 1165 una
1559 1127 1694 1166 cum
1737 1105 1866 1188 ipso
1912 1108 2262 1168 monaeterio
2307 1129 2514 1169 euram

239 1203 426 1275 qerat
471 1194 875 1276 episcopm,
923 1204 1026 1255 aut
1069 1194 1124 1255 si
1148 1194 1314 1276 forte
1357 1193 1422 1253 in
1448 1194 1593 1296 ,imp
1638 1194 2020 1269 monastmo,
2066 1194 2170 1296 qui
2211 1196 2514 1277 episcopus

249 1281 535 1344 ordinari
571 1284 787 1362 debeat,
831 1283 1079 1344 inveniri
1119 1291 1388 1366 nequeat,
1434 1282 1497 1343 in
1540 1282 1809 1363 ipsorum
1853 1282 2049 1345 tamen
2076 1281 2257 1367 juxta
2300 1295 2516 1346 statuta

246 1391 551 1432 canonum
584 1373 845 1453 pendeat
884 1372 1171 1444 examine,
1218 1372 1322 1455 qui
1357 1370 1431 1433 de
1458 1394 1571 1433 sua
1601 1371 1845 1433 dioecesi
1881 1373 2182 1435 ordinetur
2221 1374 2509 1435 antistesf‘

258 1496 340 1505 —
400 1462 773 1524 Gravissima
835 1470 975 1523 sunt
1033 1463 1178 1522 haec
1234 1464 1433 1522 verba.
1523 1464 1679 1524 Nam
1740 1469 1800 1522 et
1859 1461 2272 1524 demonstrant
2335 1465 2515 1525 etiam

251 1549 467 1611 Bedae
498 1553 868 1630 temporibus
898 1552 961 1610 in
992 1552 1515 1629 Nordanhymbria
1544 1552 1904 1611 monasteria
1936 1553 2266 1612 animarum
2296 1574 2516 1626 curam,

252 1644 654 1718 pastoralem,
715 1648 785 1700 ut
828 1642 917 1700 ita
963 1641 1183 1713 dicam,
1243 1661 1362 1699 non
1419 1641 1838 1719 episcopalem,
1903 1642 2153 1718 gessisse
2202 1649 2261 1702 et
2308 1642 2516 1702 confir-

253 1736 434 1789 mant
486 1732 584 1791 vel
640 1732 957 1790 maximam
1017 1730 1510 1790 monasteriorum
1571 1730 1988 1790 auctoritatem
2049 1730 2338 1790 Romanis
2397 1751 2518 1790 non

257 1817 656 1898 displicuisse.

446 1909 867 1988 Displicuisset
911 1928 1083 1981 vero,
1152 1909 1203 1967 si
1248 1908 1387 1966 talis
1445 1907 1659 1967 fuisset
1717 1908 1877 2008 apud
1938 1907 2149 1968 Scotos
2209 1909 2338 1967 vita
2398 1928 2518 1967 mo·

257 1997 540 2072 nachica‚
595 1999 843 2076 qualem
889 1997 1070 2056 fuisse
1114 1996 1427 2055 Ebrardus
1472 1997 1771 2069 affirmat,⁸
1821 1997 1871 2055 si
1916 2002 2151 2056 tantum
2211 1997 2517 2070 abfuisset,

257 2091 334 2143 ut
382 2088 659 2147 monachi
704 2087 769 2144 in
815 2086 1191 2148 monasteriis
1237 2086 1641 2144 monachicam
1688 2073 1936 2162 agerent
1981 2075 2193 2158 vitam,
2262 2093 2330 2144 ut
2389 2105 2521 2143 cum

260 2176 557 2236 uxoribus
602 2177 889 2247 viventes,
936 2174 1054 2233 nisi
1097 2176 1252 2234 forte
1299 2174 1552 2234 caelibes
1600 2194 1726 2233 esse
1773 2174 2129 2247 maluerunt,
2174 2175 2288 2233 soli
2333 2174 2388 2233 ei
2433 2174 2521 2233 rei

262 2280 516 2340 operam
566 2263 803 2337 darent,
850 2270 920 2322 ut
964 2263 1250 2341 populum
1296 2264 1605 2336 docerent,
1668 2263 2042 2338 evangelium
2088 2262 2522 2342 praedicarent,

264 2351 337 2425 si,
384 2359 457 2412 ut
487 2354 692 2433 paucis
725 2353 935 2426 dicam,
982 2353 1341 2412 monasteria
1385 2352 1642 2410 fuissent
1687 2351 1926 2410 minime
1974 2353 2258 2411 coenobia
2304 2372 2523 2425 eorum,

263 2442 377 2516 qui
450 2462 483 2499 e
552 2442 770 2500 mundo
840 2441 1213 2518 effugissent,
1301 2441 1403 2500 sed
1482 2440 1733 2517 collegia
1801 2441 1874 2499 de
1953 2441 2342 2518 propaganda
2408 2439 2524 2499 fide

266 2526 951 2604 (‚,Missionsstationen“
995 2530 1240 2592 Ebrard
1284 2551 1342 2607 p.
1383 2530 1551 2606 169).

457 2619 752 2679 Cohaeret
795 2620 943 2678 haec
988 2619 1250 2678 Ebrardi
1296 2618 1498 2697 opinio
1545 2640 1679 2677 cum
1725 2639 1795 2676 ea
1841 2618 2165 2691 sententia,
2226 2638 2406 2694 quam
2451 2618 2525 2677 de

269 2706 592 2768 Scotorum
636 2708 935 2785 theologia
980 2708 1139 2767 tulit.
1198 2708 1376 2767 Hanc
1419 2707 1612 2783 ipsam
1655 2707 1993 2766 examinare
2039 2713 2101 2767 et
2144 2707 2389 2784 longum
2435 2712 2527 2766 est

270 2804 333 2857 et
381 2818 904 2876 supervacaneum.
999 2796 1116 2855 Sed
1164 2798 1359 2855 facere
1407 2816 1526 2854 non
1572 2816 1836 2873 possum,
1887 2796 2032 2872 quin
2079 2815 2528 2854 commemorem

269 2888 452 2946 valde
500 2907 593 2946 me
640 2906 765 2945 esse
811 2885 1117 2957 miratum,
1181 2884 1341 2960 quod
1396 2884 1554 2942 idem
1609 2883 1946 2956 Ebrardus,
2010 2884 2113 2959 qui
2174 2884 2529 2942 acerrimum

270 2996 467 3053 purae
516 2975 810 3052 evangelii
842 2974 1148 3032 doctrinae
1181 2974 1548 3032 defensorem
1596 2993 1658 3030 se
1704 2972 1982 3050 praebuit
2025 2973 2089 3030 in
2137 2970 2533 3030 examinanda

271 3064 517 3138 Beckii,
565 3064 842 3140 magistri
889 3062 1190 3139 quondam
1234 3061 1377 3134 mei,
1425 3061 1698 3121 doctrina
1742 3061 1817 3119 de
1857 3060 2286 3137 justificatione
2332 3059 2528 3135 (Solal

272 3152 871 3214 Wissenschaftliche
930 3151 1348 3227 Beleuchtung
1406 3171 1524 3210 von
1584 3151 1694 3209 Dr.
1737 3150 1800 3209 J.
1848 3149 1918 3208 T.
1964 3150 2160 3209 Becks
2217 3149 2529 3209 Rechtfer·

273 3242 708 3320 tigungslehre.
770 3240 847 3299 In
893 3240 1155 3299 Briefen.
1210 3241 1426 3315 1871),
1474 3283 1488 3297 .
1521 3285 1533 3300 .
1571 3286 1584 3300 .
1620 3239 1780 3315 quod
1826 3239 2000 3310 idem,
2049 3238 2309 3314 inquam.
2356 3240 2531 3315 longe

274 3332 392 3390 alia
445 3350 723 3389 mensura
767 3350 907 3389 usus
954 3329 1314 3405 theologiam
1362 3328 1676 3388 Scotorum
1723 3327 2124 3403 evangelicam
2180 3328 2302 3385 fere
2348 3327 2532 3386 fuisse

277 3419 534 3479 censuit.
613 3418 874 3478 Tantum
922 3419 1081 3476 enim
1127 3420 1313 3490 abest,
1359 3424 1430 3476 ut
1473 3417 1537 3474 in
1570 3415 1884 3476 Scotorum
1931 3415 2004 3474 de
2049 3414 2164 3473 fide
2212 3414 2534 3473 christiana

277 3510 556 3568 doctrina
597 3508 937 3584 reperiatur
967 3506 1211 3582 aliquid,
1260 3506 1417 3582 quod
1465 3505 1723 3564 alienum
1769 3504 2074 3563 doctrinae
2121 3505 2307 3563 totius
2353 3502 2534 3561 medii

279 3599 410 3657 aevi
464 3596 605 3656 solis
650 3596 1107 3655 reformatorum
1143 3602 1492 3654 'nostrorum
1539 3593 1853 3653 sententiis
1900 3593 2092 3652 simile
2139 3593 2218 3652 sit
2250 3594 2347 3668 (cf.
2382 3612 2534 3669 quae

278 3685 354 3744 de
400 3685 648 3745 notione
695 3684 1000 3743 doctrinae
1048 3684 1422 3761 evangelicae
1453 3683 1736 3743 disseruit
1764 3681 2147 3754 Ritschelius,
2181 3680 2535 3741 Geschichte

282 3773 385 3833 des
451 3773 775 3831 Pietismus
821 3773 871 3831 I.
925 3769 1143 3831 1880..
1173 3795 1231 3851 p.
1277 3774 1538 3847 7-22),
1607 3777 1677 3830 ut
1739 3771 1841 3848 qui
1903 3771 2314 3847 cognoverint,
2385 3790 2536 3845 quae

283 3881 497 3923 revera
543 3862 727 3920 fuerit
773 3863 934 3940 apud
981 3862 1191 3921 Scotos
1239 3861 1514 3919 credendi
1560 3860 1744 3932 rati0,
1791 3881 2097 3935 nunquam
2144 3860 2260 3918 sibi
2306 3860 2538 3936 possint

286 3951 647 4027 persuadere
706 3951 885 4008 fuisse
948 3950 1107 4027 apud
1168 3950 1378 4009 Scotos
1414 3949 1815 4007 ·monachicae
1860 3949 2020 4008 vitae
2077 3968 2291 4025 genus,
2363 3948 2537 4023 quale

288 4058 483 4115 neque
530 4059 793 4115 unquam
839 4059 1030 4114 neque
1077 4058 1326 4115 usquam
1373 4038 1520 4097 alibi
1564 4038 1683 4097 fuit
1715 4038 1812 4113 (cf.
1843 4037 2015 4097 Plitt.
2046 4037 2344 4114 Erlanger
2373 4036 2536 4095 Zeit-

290 4127 501 4186 schrift
546 4131 644 4187 fiir
688 4127 1223 4187 Protestantismus
1269 4127 1393 4185 und
1436 4126 1684 4184 Kirche.
1739 4126 1924 4185 1864.
1969 4147 2027 4203 p.
2063 4126 2235 4203 283).
2310 4125 2539 4202 Neque,

289 4234 365 4273 ne
396 4217 734 4293 legentibus
765 4216 1094 4275 molestiam
1127 4216 1386 4287 afferam,
1433 4215 1497 4273 in
1543 4214 1740 4272 animo
1786 4215 1933 4273 mihi
1980 4221 2088 4288 est,
2135 4235 2244 4294 per
2274 4214 2539 4290 singulos

291 4322 499 4364 versus
562 4306 856 4378 refutare,
926 4325 1078 4382 quae
1126 4307 1198 4363 de
1245 4304 1372 4363 vita
1417 4304 1838 4362 monachorum
1898 4304 2207 4363 Ebrardus
2267 4303 2539 4381 protulit,
