3134 5034
1183 331 1614 390 „55—

270 509 454 569 aliter
500 509 883 588 accipiantur,
931 531 1107 587 quam
1152 516 1308 585 sunt,
1356 511 1549 570 facere
1596 532 1715 570 non
1755 532 2012 590 possum,
2060 513 2204 590 quin
2252 535 2287 572 a
2332 515 2510 573 lecto-

268 599 441 658 ribus
486 605 701 677 petam.
793 601 944 661 Nam
993 620 1126 659 cum
1171 600 1244 659 ‹le
1288 600 1365 660 iis
1411 601 1691 660 ecclesiae
1724 601 2334 663 Hiberno-Scotorum
2380 624 2512 682 par-

268 689 466 763 tibus,
537 689 610 748 de
670 689 884 765 quibus
943 689 1110 748 Beda
1168 690 1273 748 illo
1332 691 1459 749 loco
1520 710 1641 748 non
1700 691 1990 767 loquitur,
2049 692 2151 753 vix
2198 692 2514 771 quicquam

271 784 504 839 constet
558 778 893 837 mirandum
948 799 1070 838 non
1125 786 1241 853 est,
1304 779 1464 856 quod
1518 799 1694 857 saepe
1752 781 2007 841 occurrit
2061 782 2261 860 opinio
2324 788 2514 842 totam

270 867 883 927 Hiberno·Scotorum
931 868 1237 928 ecclesiam
1282 870 1610 944 subjectam
1657 868 1837 928 fuisse
1868 871 2225 930 monasterio
2257 871 2512 932 Hiiensi.

273 958 395 1032 Qui
442 978 607 1017 error
651 958 879 1034 ignosci
923 963 1120 1034 potest
1166 958 1267 1030 eis,
1314 958 1418 1035 qui
1463 957 1636 1034 quasi
1682 964 2129 1036 praetereuntes
2160 961 2233 1021 de
2266 962 2512 1022 ecclesia

273 1047 587 1108 Scotorum
634 1048 816 1107 verba
862 1047 1158 1120 fecerunt,
1206 1047 1308 1106 sed
1354 1047 1427 1106 de
1473 1047 1750 1106 Ebrardo
1792 1049 2178 1125 judicandum
2225 1057 2315 1110 est
2361 1071 2511 1126 eum,

275 1137 378 1213 qui
421 1135 580 1196 illius
628 1135 847 1195 erroris
891 1136 1244 1216 participem
1291 1157 1352 1196 se
1398 1137 1542 1196 fecit
1589 1137 1853 1213 (Ebrard
1898 1160 1955 1217 p.
2007 1139 2179 1216 285),
2226 1139 2337 1200 hac
2381 1140 2512 1218 ipsa

271 1247 338 1285 re
384 1227 562 1285 talem
609 1247 671 1285 se
719 1225 1073 1297 ostendisse,
1137 1226 1232 1284 cui
1288 1226 1499 1302 majori
1557 1226 1723 1285 laudi
1780 1227 1990 1287 fuisset
2048 1236 2271 1302 tacere,
2335 1250 2511 1306 quam

277 1315 527 1375 solidum
576 1315 647 1374 de
695 1316 938 1401 ecclesia
982 1315 1597 1375 Hiberno-Scotorum
1642 1317 2010 1376 conscribere
2057 1318 2291 1377 librum.
2383 1318 2512 1397 Ap-

276 1411 448 1483 paret
493 1405 649 1463 enim
689 1408 813 1481 jam
862 1426 934 1463 ex
979 1404 1180 1464 Bedae
1228 1405 1424 1465 verbis
1480 1425 1661 1484 supra
1716 1407 2185 1466 commemoratis
2241 1408 2513 1468 omnibus

276 1494 604 1554 Hiberniae
663 1494 870 1553 incolis
932 1495 1193 1571 exceptis
1255 1494 1809 1572 septentrionalium
1869 1495 2182 1556 Scotorum
2240 1496 2512 1575 plurimis

277 1584 495 1643 nullam
542 1603 675 1642 cum
719 1583 1070 1643 Hiiensibus
1115 1584 1299 1643 fuisse
1344 1583 1836 1644 necessitudinem
1883 1604 2074 1664 neque
2120 1586 2287 1647 deest
2331 1587 2509 1658 locus,

273 1673 374 1732 ubi
423 1673 591 1732 Beda
637 1674 929 1751 expressis
976 1674 1171 1734 verbis
1217 1673 1574 1733 mentionem
1620 1673 1826 1733 fecerit
1871 1675 1944 1734 de
1990 1675 2304 1749 Hibernis,
2368 1674 2516 1757 „qui

276 1761 349 1822 ab
376 1758 709 1823 [Iliensium
753 1760 1012 1822 dominio
1057 1760 1225 1823 libere:
1266 1770 1475 1823 emam
1522 1764 1602 1839 (h.
1637 1784 1683 1821 e.
1720 1763 1775 1836 5,
1815 1763 1892 1822 15
1926 1766 1961 1843 ξ
1997 1765 2152 1842 403)
2184 1771 2244 1824 et
2274 1771 2514 1843 praeter

275 1872 399 1926 eos,
449 1872 594 1928 quos
640 1852 760 1910 illic
807 1852 983 1926 dixit,
1033 1872 1233 1912 omnes
1279 1853 1567 1912 australes
1613 1852 1940 1912 Hiberniae
1986 1855 2257 1931 regiones
2303 1854 2510 1914 abbati

273 1941 509 2002 Hiiensi
568 1942 865 2017 subjectas
921 1962 1038 2000 non
1097 1942 1278 2001 fuisse
1337 1940 1494 2000 idem
1557 1941 1676 2000 alio
1736 1942 1865 2001 loco
1912 1942 1992 2019 (h.
2025 1963 2074 2001 e.
2110 1943 2166 2017 3,
2201 1944 2238 2001 3
2287 1945 2323 2021 ξ
2361 1944 2511 2021 155)

278 2031 491 2090 docuit.

458 2120 620 2194 Quae
667 2140 798 2178 cum
844 2120 932 2179 ita
977 2119 1121 2194 sint,
1170 2120 1406 2179 exsistit
1451 2120 1720 2196 quaestio
1733 2164 1747 2193 ,
1809 2124 2007 2179 utrum
2062 2120 2349 2180 mirabilis
2409 2122 2514 2181 illa

275 2209 540 2270 Hiiensis
571 2208 917 2268 monasterii
961 2208 1289 2269 auctoritas
1332 2209 1396 2268 in
1443 2229 1548 2268 suo
1595 2230 1810 2286 genere
1858 2209 2175 2286 singularis
2220 2210 2403 2270 fuerit
2447 2210 2511 2269 in

275 2299 515 2358 ecclesia
563 2297 901 2372 Scotorum,
962 2320 1039 2357 an
1084 2299 1201 2358 alia
1248 2298 1482 2375 ejudem
1534 2298 1769 2375 generis
1815 2299 2083 2377 exempla
2127 2300 2190 2358 in
2237 2300 2370 2360 aliis
2416 2320 2507 2360 ec·

274 2389 486 2448 clesiae
532 2389 804 2466 partibus
848 2388 1106 2448 inveniri
1151 2389 1397 2467 possint.
1490 2387 1669 2447 Certo
1725 2408 1844 2447 non
1901 2388 2135 2447 omnino
2192 2389 2508 2467 singularis

274 2484 426 2551 erat,
491 2477 593 2538 sed
647 2478 795 2555 proh
839 2479 1036 2537 dolor!
1115 2478 1447 2538 accuratius
1501 2476 1576 2537 de
1622 2478 1735 2537 hac
1780 2498 1845 2538 re
1891 2477 2205 2552 disserere,
2267 2499 2509 2557 prorsus

274 2570 393 2627 fere
440 2587 549 2626 nos
594 2567 843 2646 impedit
873 2573 1139 2627 veterum
1186 2568 1659 2627 testimoniorum
1706 2567 1973 2645 penuria.
2034 2568 2327 2627 Attamen
2360 2587 2511 2645 quae

275 2656 642 2736 potissimum
683 2656 1050 2717 observanda
1097 2663 1250 2730 sunt,
1296 2657 1517 2736 partim
1565 2677 1638 2715 ex
1682 2657 1935 2717 vetustis
1980 2657 2184 2736 paucis
2213 2657 2431 2735 partim
2478 2677 2511 2715 e

278 2745 615 2824 posterioris
662 2746 948 2824 temporis
994 2746 1347 2806 testimoniis
1394 2745 1593 2823 colligi
1639 2751 1906 2826 possunt.

449 2835 601 2896 Nam
633 2835 758 2895 sive
786 2833 1042 2894 Patricii
1072 2835 1438 2913 temporibus
1469 2835 1733 2894 nondum
1779 2842 1907 2895 tota
1952 2835 2144 2895 insula
2190 2835 2513 2895 christiana

285 2927 414 2982 erat
471 2925 624 2984 facta
687 2924 812 2983 sive
875 2924 1121 2983 mortuis
1166 2924 1432 2984 Patricio
1487 2930 1548 2983 et
1604 2923 1775 2983 sociis
1819 2922 2225 2983 Hibernorum
2269 2924 2511 3003 plurimi

277 3012 604 3073 reciderant
657 3014 719 3071 in
766 3013 1123 3090 gentilitatis
1179 3014 1657 3092 superstitiones:
1727 3012 1843 3072 nisi
1900 3011 2040 3073 ficta
2099 3020 2237 3073 sunt
2295 3014 2509 3088 omnia,

277 3123 424 3179 quae
470 3103 528 3161 in
577 3102 718 3162 vitis
766 3100 1120 3162 Sanctorum
1164 3102 1653 3163 Hiberniensium
1699 3103 2033 3177 traduntur,
2080 3103 2343 3163 dubitari
2389 3124 2509 3164 non

272 3198 498 3269 potest,
561 3193 705 3270 quin
767 3192 985 3258 saeculi
1031 3193 1185 3252 sexti
1233 3193 1601 3271 temporibus
1647 3192 1839 3251 denuo
1889 3193 2061 3269 quasi
2106 3192 2350 3253 ecclesia
2396 3193 2506 3252 Hi-

141 3314 155 3329 ·
272 3281 589 3340 bernorum
659 3281 896 3341 condita
967 3281 1062 3341 sit.
1154 3281 1352 3342 Tanta
1422 3282 1577 3341 enim
1637 3285 2128 3341 monasteriorum
2188 3282 2510 3343 multitudo

272 3377 414 3429 tunc
461 3371 786 3431 constituta
832 3391 958 3432 esse
1003 3372 1277 3444 traditur,
1326 3379 1394 3432 ut
1435 3372 1631 3430 nullus
1661 3371 1939 3431 videatur
1969 3371 2148 3431 fuisse
2178 3372 2509 3432 Hiberniae

272 3461 546 3538 angulus,
608 3461 670 3518 in
725 3481 842 3537 quo
900 3461 1319 3522 monasterium
1381 3481 1500 3520 non
1546 3466 1991 3520 construeretur
2035 3461 2134 3537 (cf.
2181 3459 2376 3520 Skene
2421 3461 2507 3536 H,

268 3573 329 3628 p.
365 3549 442 3607 51
480 3552 651 3627 sqq.).
744 3550 1010 3624 Quorum
1055 3550 1544 3609 monasteriorum
1600 3550 1758 3608 inter
1805 3549 2138 3609 conditores
2184 3570 2317 3607 cum
2363 3570 2506 3611 non·

270 3639 419 3697 nulli
466 3639 613 3698 adeo
660 3640 1039 3713 excellerent,
1099 3646 1169 3698 ut
1227 3640 1529 3718 ingentem
1588 3639 2005 3698 monachorum
2068 3638 2508 3700 multitudinem

267 3748 469 3789 secum
513 3728 829 3802 haberent,
877 3735 945 3787 ut
991 3729 1303 3802 Finianus,
1363 3728 1780 3788 Olonardensis
1826 3728 2171 3788 monasterii
2215 3728 2277 3787 in
2323 3730 2510 3790 Midia

267 3817 459 3877 abbas
505 3816 726 3895 (Skene
756 3817 842 3890 II,
875 3838 930 3894 p.
969 3817 1093 3894 50),
1142 3821 1309 3894 cujus
1355 3818 1680 3897 discipulus
1726 3824 1785 3878 et
1830 3818 1959 3897 ipse
1992 3817 2283 3877 Columba
2327 3819 2509 3879 fuisse

266 3907 490 3966 dicitur
521 3907 651 3984 (vit.
682 3907 934 3966 Hibern.
966 3905 1159 3966 Skene
1184 3906 1267 3980 II,
1301 3929 1436 3986 app.
1469 3930 1526 3987 p.
1561 3908 1717 3984 479)
1750 3913 1810 3966 et
1841 3906 2195 3985 Comgallus,
2242 3907 2508 3967 Bencho·

266 3995 459 4056 rensis
504 3996 568 4055 in
600 3995 848 4057 Ultonia
895 3996 1237 4056 monasterii
1268 3997 1469 4071 abbas,
1519 3996 1844 4056 Columbae
1876 3997 2137 4074 aequalis
2169 3995 2390 4073 (Skene
2421 3997 2508 4071 II,

266 4109 327 4166 p.
363 4085 489 4161 55),
536 4086 758 4146 factum
806 4090 911 4158 est,
962 4090 1026 4144 ut
1071 4086 1431 4145 monasteria
1478 4106 1678 4144 eorum
1726 4086 2127 4164 principatum
2167 4087 2509 4147 obtinerent

266 4177 335 4235 in
381 4175 652 4235 omnibus
697 4175 772 4234 iis
820 4175 1212 4248 monasteriis,
1262 4195 1412 4253 quae
1445 4175 1538 4235 vel
1567 4181 1816 4253 propter
1846 4175 2262 4235 monachorum
2309 4176 2505 4235 multi-

266 4264 537 4325 tudinem
584 4265 677 4324 vel
739 4264 814 4323 ad
877 4263 1370 4323 disseminandam
1431 4262 1607 4322 fidem
1670 4263 2048 4324 christianam
2108 4265 2184 4323 ab
2244 4265 2507 4343 ipsorum

269 4353 577 4432 discipulis
625 4353 686 4411 in
732 4353 1000 4412 finitimis
1044 4353 1384 4430 regionibus
1432 4353 1757 4412 constituta
1803 4362 1989 4413 erant.
2081 4353 2154 4411 In
2202 4354 2295 4413 his
2341 4354 2506 4414 nobi-

267 4442 509 4503 lissimis
566 4442 936 4503 monasteriis
990 4448 1228 4522 praeter
1275 4442 1544 4517 Hiiense,
1606 4442 2034 4517 Clonardense,
2094 4442 2509 4505 Benchorense
