3134 5034
1489 290 1927 352 -26-

584 494 640 549 p.
675 473 851 548 474).
914 470 1033 530 Sed
1080 471 1261 529 etiam
1305 470 1630 530 levioribus
1676 469 2077 530 fundamentis
2123 471 2255 549 ipsa
2285 471 2569 530 Haddani
2616 470 2831 531 nititur

586 562 805 639 opini0.
865 560 1150 708 Legimus
1198 559 1354 618 enim
1400 560 1462 618 in
1507 560 1631 619 vita
1677 560 2063 636 Kentigerni.
2110 579 2217 621 rex
2261 568 2314 620 et
2355 556 2542 621 clema
2583 558 2831 645 reqiomb

590 646 1007 711 Cambrensis.
1138 648 1363 708 .accz‘to
1402 647 1476 709 de
1506 645 1799 708 Hibernia
1844 668 1960 709 uno
2008 647 2275 730 episcopo
2318 668 2481 709 more
2510 645 2832 711 Britonum

586 749 637 800 et
683 737 995 800 Scotorum
1039 738 1102 798 in
1146 737 1480 819 episcopum
1524 736 1721 817 ipsmn
1766 738 2255 816 (Kentigernum)
2303 737 2632 799 consecrari
2670 736 2829 819 fece-

584 838 737 889 runt.
834 824 969 887 Mos
1026 826 1181 887 enim
1232 825 1295 886 in
1339 824 1667 886 Britannia
1711 824 2021 887 inoleverat
2073 826 2135 886 in
2180 825 2600 887 consecratione
2631 826 2827 907 ponti-

565 918 759 1003 ficum
804 915 1208 977 tamummodo
1255 915 1450 999 capita
1494 935 1696 975 eorum
1739 914 1897 975 sacri
1937 912 2261 975 chm’smatis
2290 914 2577 999 infufflboae
2608 936 2828 995 perun·

581 1026 715 1088 yere
748 1052 760 1065 .
794 1051 806 1065 .
840 1051 853 1064 .
887 1007 992 1084 (H.
1027 1007 1145 1065 and
1177 1004 1265 1065 St.
1297 1005 1349 1078 Ι,
1395 1026 1452 1083 p.
1491 1004 1662 1081 155).
1756 1003 1874 1078 Qui
1919 1006 2079 1064 locus
2128 1005 2272 1082 quid
2318 1005 2435 1064 sibi
2480 1006 2662 1065 vellet
2705 1007 2831 1065 sine

586 1097 766 1155 dubio
827 1102 987 1155 recte
1049 1095 1476 1172 interpretatus
1539 1099 1629 1154 est
1689 1094 1817 1171 ipse
1877 1094 2209 1154 Haddanus
2279 1094 2542 1154 scribens
2609 1113 2832 1157 morem

585 1187 753 1244 illum
800 1184 990 1243 videri
1043 1181 1505 1261 intellegendum
1560 1202 1687 1241 esse
1742 1183 2153 1243 tantummodo
2207 1183 2593 1262 peculiarem,
2666 1187 2831 1260 cujus

588 1276 715 1335 vita
763 1273 1124 1332 mentionem
1179 1273 1351 1346 facit,
1410 1271 1714 1348 unguendi
1766 1272 2073 1331 rationem.
2167 1272 2333 1347 Quae
2381 1293 2514 1331 cum
2559 1273 2647 1332 ita
2693 1273 2831 1346 sint,

592 1364 737 1442 quin
770 1362 949 1421 etiam
983 1382 1111 1420 cum
1145 1362 1295 1420 falsa
1327 1361 1463 1435 sint,
1512 1380 1663 1438 quae
1697 1359 1821 1421 vita
1860 1362 2091 1438 profert
2135 1362 2208 1421 de
2254 1361 2557 1438 unguendi
2601 1362 2832 1423 ratione

588 1452 749 1531 apud
781 1451 1059 1511 Britones
1091 1451 1313 1510 usitata
1363 1450 1503 1527 (vid.
1538 1470 1718 1527 supra
1751 1471 1808 1528 p.
1846 1449 1954 1527 25)
2003 1450 2270 1508 dubium.
2295 1471 2420 1510 esse
2465 1471 2585 1511 non
2615 1457 2831 1529 potest,

588 1542 729 1617 quin
776 1541 937 1600 vitae
982 1540 1159 1615 hujus
1205 1540 1434 1599 auctori
1479 1559 1798 1615 anonyme,
1862 1559 2035 1616 quem
2090 1546 2342 1600 exeunte
2398 1541 2630 1600 saeculo
2689 1541 2830 1600 duo·

588 1629 814 1688 decimo
862 1629 1120 1707 priorem
1177 1649 1293 1687 non
1351 1649 1477 1689 esse
1520 1632 1781 1701 constat,
1843 1627 2081 1686 omnino
2135 1629 2282 1688 fides
2337 1630 2684 1706 deneganda
2736 1629 2830 1691 sit.

590 1718 814 1777 Tamen
860 1718 1218 1790 Haddanus,
1282 1718 1422 1795 quia
1478 1717 1550 1776 de
1608 1717 1899 1795 episcopis
1952 1737 2062 1795 per
2105 1737 2290 1776 unum
2334 1719 2586 1777 alterum
2631 1740 2827 1779 conse-

589 1807 770 1867 cratis
829 1806 893 1864 in
954 1806 1084 1865 aliis
1146 1826 1380 1884 quoque
1444 1807 1588 1866 vitis
1644 1805 1998 1865 Sanctorum
2058 1806 2401 1880 Britonum,
2471 1813 2668 1867 aetate
2729 1809 2833 1869 illa

587 1895 950 1972 Kentigerni
994 1916 1116 1954 non
1162 1896 1605 1968 vetustioribus,
1649 1894 1721 1955 fit
1768 1895 1992 1955 mentio
2037 1902 2098 1954 et
2146 1895 2286 1973 quia
2331 1902 2566 1956 constat
2608 1918 2832 1957 morem

586 1986 757 2044 illum
812 1985 1046 2047 saeculo
1103 1984 1412 2044 undecimo
1466 1985 1531 2043 in
1584 1984 1881 2044 Hibernia
1936 1985 1998 2042 in
2054 2005 2164 2044 usu
2228 1985 2435 2059 fuisse,
2505 2006 2614 2064 pro
2671 1992 2830 2046 certo

587 2075 826 2134 videtur
872 2094 996 2132 rem
1043 2073 1280 2132 habere.
1359 2072 1558 2152 Atqui
1606 2095 1675 2133 ea
1720 2074 1852 2152 ipsa
1897 2094 1978 2145 re,
2027 2075 2186 2150 quod
2231 2075 2590 2153 scriptorum
2635 2081 2832 2135 aetate
2893 2140 2897 2143 ⁸

587 2162 866 2235 Hiberni,
916 2163 1267 2239 quibuscum
1297 2163 1423 2223 vita
1455 2162 1817 2240 Kentigerni
1848 2162 2129 2222 Britones
2174 2164 2512 2240 congruisse
2559 2163 2831 2237 affirmat,

588 2253 695 2311 illo
741 2272 902 2309 more
950 2251 1292 2323 utebantur,
1337 2250 1484 2310 fides
1530 2252 1854 2329 abrogatur
1900 2252 2304 2330 scriptoribus
2366 2253 2555 2331 Apud
2601 2260 2832 2313 veteres

589 2341 905 2418 scriptores
952 2338 1118 2398 nulla
1166 2347 1363 2400 exstat
1406 2341 1584 2417 hujus
1629 2340 1811 2399 moris
1855 2341 2096 2399 mentiO.
2173 2341 2270 2399 Ex
2316 2343 2641 2413 contrario,
2687 2342 2832 2403 Vini

589 2430 927 2508 episcopum
973 2450 1128 2488 anno
1180 2429 1307 2487 665
1357 2429 1658 2489 Oeaddam
1705 2450 2073 2489 consecrasse
2119 2431 2304 2489 refert
2350 2431 2516 2489 Beda
2563 2432 2642 2508 (h.
2675 2453 2725 2492 e.
2776 2432 2832 2504 3,

592 2519 674 2577 28
725 2519 760 2596 ἓ
812 2519 938 2576 243
987 2519 1062 2577 de
1107 2518 1253 2597 ipsa»
1283 2540 1349 2578 re
1398 2519 1514 2579 vid.
1561 2519 1742 2595 infra)
1803 2518 2161 2598 „assumptis
2204 2517 2266 2578 in
2311 2518 2633 2580 soowtatem
2677 2518 2831 2581 ordi·

587 2605 837 2667 nationis
896 2605 1120 2667 duobus
1183 2606 1257 2667 de
1301 2603 1623 2668 Britonum
1676 2617 1839 2689 yeme
1897 2606 2237 2687 episcopi-3⁶⁶.
2329 2609 2488 2668 Num
2535 2610 2834 2669 venissent

589 2696 678 2754 illi
735 2695 1055 2754 Britonum
1117 2695 1401 2775 episcopi,
1471 2699 1521 2756 si
1583 2698 1700 2775 ipsi
1758 2702 2069 2776 putassent
2122 2717 2242 2755 non
2303 2704 2574 2775 oportere
2632 2698 2834 2759 adesse

591 2784 1017 2845 consecrationi
1071 2785 1218 2845 alios
1279 2785 1589 2865 episcopos
1648 2793 1889 2865 praeter
1947 2786 2144 2864 ipsum
2197 2793 2635 2846 consecrantem
2653 2786 2682 2845 P
2751 2786 2836 2846 Et

596 2875 901 2952 complura
934 2880 1173 2933 exstant
1218 2875 1574 2950 testimonia,
1625 2896 1775 2953 quae
1808 2875 2091 2934 Haddani
2122 2876 2451 2935 sententiae
2483 2881 2834 2953 repugnent,

593 2964 695 3022 sed
742 2984 874 3021 cum
913 2963 1232 3021 Britonum
1280 2965 1453 3024 simul
1500 2972 1560 3024 et
1608 2964 1933 3024 Scotorum·
1964 2965 2255 3024 rationem
2301 2965 2579 3038 habeant,
2625 2965 2698 3023 de
2741 2965 2835 3024 his

591 3052 802 3110 melius
847 3052 1003 3110 infra
1048 3058 1276 3129 agetur.
1368 3053 1503 3112 Hoc
1559 3055 1688 3113 loco
1747 3055 1892 3113 satis
1948 3054 2026 3112 sit
2083 3074 2563 3114 commemorasse
2609 3054 2833 3113 nullum

593 3146 825 3200 exstare
858 3145 1083 3199 certum
1114 3141 1289 3217 hujus
1320 3142 1409 3201 rei
1440 3143 1864 3203 testimonium.
1927 3141 2030 3200 An
2062 3143 2401 3202 testimonio
2449 3163 2573 3202 esse
2619 3150 2834 3221 potest,

595 3228 751 3306 quod
813 3227 982 3288 Beda
1045 3230 1106 3305 (l.
1154 3233 1227 3307 c.)
1284 3231 1552 3308 prodidit
1598 3252 1752 3291 anno
1804 3230 1930 3289 665
1977 3237 2217 3309 praeter
2263 3231 2433 3305 Vini,
2496 3232 2835 3310 episcopum

594 3317 1061 3377 Occidentalium
1094 3319 1411 3394 Saxonum,
1459 3324 1545 3397 (et
1583 3320 1952 3379 Bonifatium
1983 3321 2451 3380 Domnocensem
2483 3320 2539 3379 h.
2573 3342 2622 3379 e.
2656 3322 2713 3393 3,
2749 3321 2832 3378 20

593 3409 627 3485 ξ
677 3408 822 3480 209,
872 3410 1039 3482 cujus
1086 3409 1308 3469 oblitus
1354 3414 1444 3469 est
1487 3409 1600 3468 hoc
1645 3411 1773 3468 loco
1806 3445 1891 3453 -
1924 3410 1993 3468 cf.
2025 3409 2264 3486 Bright,
2311 3431 2367 3487 p.
2406 3411 2560 3485 212)
2608 3410 2834 3468 nullum

592 3496 770 3555 fuisse
839 3496 900 3554 in
970 3496 1288 3557 Britannia
1357 3498 1698 3576 episcopum
1766 3498 2043 3557 canonice
2113 3497 2499 3564 ordinatum?
2573 3498 2833 3557 Minime.

592 3585 745 3645 Nam
793 3585 1039 3644 dubium
1095 3594 1211 3662 est,
1274 3608 1350 3645 an
1397 3587 1508 3644 hoc
1552 3588 1681 3646 loco
1726 3586 2046 3646 Britonum
2094 3587 2331 3647 omnino
2379 3608 2496 3646 non
2543 3587 2834 3647 rationem

595 3673 894 3747 habuerit,
943 3675 1035 3735 sin
1084 3677 1285 3748 aliter,
1348 3675 1571 3735 rituum
1619 3676 1695 3734 ob
1743 3676 2148 3735 diversitatem
2197 3675 2424 3736 Bedam
2471 3676 2590 3736 illis
2634 3675 2834 3735 verbis

593 3782 763 3821 usum
811 3784 935 3822 esse
981 3770 1274 3843 putarem.

770 3851 1021 3929 Rejecta
1080 3853 1267 3931 igitur
1311 3850 1596 3911 Haddani
1654 3802 1951 3910 sententia
2003 3858 2234 3913 restant
2275 3854 2503 3929 quinto
2558 3858 2624 3911 et
2665 3858 2833 3915 sexto

592 3942 940 4001 numerandi
987 3943 1117 4001 loco
1162 3939 1479 4041 peculiaris
1509 3960 1636 3999 mos
1668 3941 2046 3999 consecrandi
2080 3942 2353 4001 ecclesias
2386 3949 2447 4001 et
2478 3942 2835 4001 monasteria

591 4036 652 4088 et
703 4032 1035 4108 peculiares
1081 4031 1234 4090 ritus
1280 4029 1342 4087 in
1391 4030 1743 4088 celebranda
1789 4029 2162 4089 eucharistia.
2238 4031 2332 4089 De
2380 4030 2598 4106 quibus
2644 4051 2835 4108 pauca

591 4120 905 4180 sufficiant.
997 4119 1278 4178 Britones
1325 4116 1505 4190 enim,
1564 4118 1853 4179 secundae
1899 4118 2138 4195 quidem
2184 4125 2246 4178 et
2291 4119 2507 4179 tertiae
2553 4139 2700 4197 quas
2745 4120 2832 4178 di·

590 4208 904 4267 stinximus
949 4212 1231 4280 aetatum,
1278 4226 1394 4264 non
1442 4207 1686 4285 primae,
1735 4207 2007 4267 ecclesias
2054 4214 2115 4266 et
2161 4208 2517 4267 monasteria
2558 4209 2837 4267 videntur

591 4314 962 4355 consecrasse
1016 4295 1363 4372 plerumque
1418 4316 1537 4354 non
1584 4297 1692 4355 sub
1740 4297 1975 4355 nomine
2022 4297 2434 4356 defunctorum
2479 4304 2834 4369 sanctorum,

595 4385 698 4444 sed
761 4385 869 4444 sub
926 4383 1312 4444 fundatorum
1358 4385 1628 4445 vivorum
1672 4386 2009 4445 nominibus
2058 4385 2335 4461 (Warren
2382 4406 2440 4463 p.
2491 4385 2617 4462 74),
2663 4404 2834 4468 praej
