3134 5034
1206 289 1644 347 ..23-

310 469 505 546 (Beda
549 469 606 527 h.
647 490 696 526 e.
736 471 789 543 1,
824 470 904 526 27
941 470 975 546 ξ
1011 467 1136 544 65).
1228 467 1436 544 Neque
1480 467 1756 543 ignorare
1802 466 2001 544 potuit
2046 465 2370 543 Gregorius
2415 468 2553 527 Bri·

310 564 480 617 tones
542 578 846 634 nunquam
890 557 1055 634 genti
1105 555 1407 615 Saxonum
1454 576 1585 614 cum
1643 556 1788 633 ipsis
1841 555 2217 614 Britanniam
2273 556 2556 617 incolenti

311 648 558 707 verbum
604 645 742 705 fidei
787 645 1185 724 praedicando
1241 644 1600 704 commisisse
1661 644 1853 720 (Beda
1898 645 1955 705 h.
2002 665 2050 703 e.
2091 646 2158 718 ‘1‚
2207 647 2289 711 22
2315 647 2375 723 ,ξ
2426 646 2552 723 50).

488 735 666 795 Hanc
710 736 900 813 ipsam
949 736 1024 793 ob
1073 754 1307 792 causam
1355 733 1761 810 Augustinum
1808 729 2104 814 adjutorio
2148 754 2321 794 usum
2352 731 2552 795 Aedil-

311 823 486 885 bercti
518 820 977 884 Centum-imum
1019 821 1170 903 reqie
1218 840 1554 882 convocasse
1598 821 1682 881 acl
1727 818 2079 904 colloquium
2109 822 2409 904 episcopos
2442 822 2556 884 sive

311 914 571 975 doctores
626 911 946 992 proximae
1003 908 1326 972 Britonum
1379 909 1725 991 provinciae
1786 911 1959 971 testis
2020 918 2110 970 est
2164 912 2331 971 Beda
2378 913 2464 988 (h,
2506 935 2552 971 e.

314 1006 372 1076 2,
422 1005 458 1060 2
511 1003 546 1080 ξ
598 1003 707 1079 91)
754 1002 922 1080 isque
966 1001 1081 1061 fide
1127 1001 1360 1078 dignus.
1450 1000 1635 1074 Nam,
1684 1000 1735 1059 si
1780 1001 1954 1077 longe
1999 1001 2135 1060 aliis
2179 1003 2354 1061 rebus
2401 1022 2554 1067 com-

312 1099 507 1151 motus
553 1096 708 1155 esset
753 1091 1157 1168 Augustinus,
1203 1095 1270 1148 ut
1316 1095 1523 1166 ageret
1568 1109 1702 1148 cum
1749 1089 2127 1164 Britonibus,
2173 1095 2372 1149 tamen
2417 1110 2554 1168 pru-

313 1181 507 1240 dentis
552 1179 760 1239 fuisset
804 1181 866 1238 in
914 1179 1204 1255 colloquio
1252 1179 1389 1237 inde
1435 1198 1763 1238 sermonem
1804 1179 2035 1252 ducere,
2083 1179 2243 1255 quod
2274 1178 2556 1239 Britones

312 1270 374 1328 in
422 1269 830 1329 convertendis
877 1269 972 1331 ad*
1000 1268 1383 1331 christianam
1428 1267 1605 1327 fidem
1637 1266 1971 1327 Saxonibus
2016 1268 2277 1327 nondum
2322 1269 2554 1329 labora-

312 1359 552 1432 vissent,
600 1363 781 1434 atque
829 1358 1075 1418 eandem
1121 1358 1241 1416 vim
1288 1357 1513 1417 habent
1556 1356 1758 1431 verba,
1805 1377 1958 1433 quae
1989 1356 2270 1416 Britones
2315 1377 2553 1436 respon-

312 1448 553 1521 derunt,
617 1446 740 1507 sive
787 1447 1017 1506 sincera
1061 1447 1179 1506 fuit
1225 1447 1349 1505 sive
1396 1446 1675 1506 simulata
1719 1444 2050 1523 Augustini
2093 1465 2203 1523 pro
2245 1445 2556 1523 evangelio

311 1536 539 1597 Christi
596 1556 754 1597 cura.
842 1537 1178 1598 Noluerunt
1233 1536 1387 1594 enim
1452 1555 1570 1593 una
1634 1555 1763 1593 cum
1820 1533 2166 1612 Augustino
2221 1533 2557 1594 Saxonibus

312 1626 561 1684 verbum
606 1625 851 1684 Domini
896 1625 1243 1705 praedicare
1290 1623 1484 1701 (Beda
1513 1624 1571 1681 h.
1605 1644 1651 1682 e.
1688 1625 1744 1697 2,
1780 1625 1817 1681 2
1852 1625 1888 1701 ξ
1926 1625 2050 1701 93).
2114 1623 2247 1698 Qua
2277 1624 2350 1682 de
2382 1644 2559 1685 causa

313 1714 669 1773 noluerunt?
737 1714 984 1774 Famam
1029 1714 1343 1792 perhibere
1375 1712 1651 1772 Britones
1699 1712 1979 1791 superbia
2011 1712 2341 1789 Augustini
2372 1713 2557 1773 iratos

316 1823 441 1862 esse
488 1802 680 1878 (Beda
710 1802 767 1861 h.
802 1824 850 1861 e.
885 1805 941 1876 2,
978 1804 1015 1860 2
1049 1804 1085 1880 ξ
1120 1803 1228 1878 93)
1275 1823 1447 1861 nemo
1494 1808 1603 1875 est,
1651 1802 1753 1878 qui
1798 1803 2040 1861 nesciat.
2117 1801 2236 1862 Sed
2281 1803 2334 1863 si
2379 1823 2555 1880 pone·

314 1910 512 1951 remus
543 1911 752 1951 revera
783 1892 980 1950 omnia
1012 1892 1097 1953 ita
1130 1912 1255 1951 esse
1304 1897 1455 1965 acta,
1499 1897 1568 1952 ut
1613 1893 1773 1949 fama
1818 1891 2113 1969 perhibet,
2157 1891 2378 1950 nemini
2422 1910 2553 1969 per·

313 1980 667 2041 suaderetur
725 2001 962 2040 causam
1017 1981 1303 2039 renuendi
1351 2001 1386 2039 a
1432 1979 1711 2057 superbia
1765 1980 1870 2039 illa
1915 1979 2231 2057 repetitam
2276 2000 2313 2038 a
2358 1979 2555 2039 Brito·

315 2070 490 2129 nibus
533 2069 950 2148 interpositam
997 2090 1118 2129 non
1165 2090 1306 2130 esse.
1400 2067 1566 2142 Quae
1613 2069 1853 2127 tandem
1901 2075 2032 2127 erat
2076 2068 2291 2128 causa?

497 2157 643 2217 Tria
672 2164 679 2171 “
713 2179 843 2217 cum
916 2156 1291 2236 Augustinus
1361 2158 1638 2219 tradatur
1705 2158 2031 2236 postalasse
2094 2178 2129 2216 a
2187 2157 2556 2232 Britonibus,

312 2248 596 2326 primum,
642 2255 707 2306 ut
747 2244 970 2326 pascha
1013 2267 1121 2307 suo
1165 2256 1420 2328 tempore
1463 2243 1835 2322 celebrarent,
1894 2251 2021 2306 tum
2066 2254 2132 2305 ut
2176 2244 2558 2307 mainerium

314 2334 659 2416 baptizandi
686 2333 867 2417 juxta
910 2354 1133 2397 morem
1178 2344 1408 2397 sanctae
1454 2331 1765 2395 Romanae
1809 2343 1862 2394 et
1904 2333 2251 2415 apostolicae
2294 2332 2557 2397 ecclesiae

313 2421 690 2506 complerent,
755 2425 1010 2502 denique
1064 2434 1127 2484 ut
1174 2424 1334 2506 qemi
1382 2420 1723 2506 Anylorum
1774 2443 1896 2483 una
1947 2444 2084 2484 cum
2133 2423 2278 2507 ipsis
2321 2422 2558 2484 verbum

314 2510 569 2574 Domini
583 2512 1004 2594 praedicarent
1034 2514 1227 2591 (Beda
1258 2516 1295 2572 1.
1328 2517 1418 2591 0.),
1467 2513 1701 2574 exsistit
1732 2514 2018 2589 quaestio,
2049 2519 2250 2573 utrum
2274 2513 2556 2573 Britones

315 2604 562 2664 tertium
607 2604 757 2662 illud
816 2603 1147 2678 renuerint,
1210 2604 1349 2680 quia
1404 2603 1607 2680 priora
1659 2604 1852 2662 facere
1901 2604 2243 2677 noluerunt,
2304 2623 2382 2662 an
2428 2602 2554 2661 vice

315 2713 485 2753 versa
530 2693 675 2752 haec
721 2693 840 2752 duo
885 2694 1207 2766 renuerint,
1257 2693 1397 2769 quia
1441 2692 1592 2751 illud
1634 2691 2115 2771 repudiaverunt.

498 2780 631 2842 Aut
673 2782 785 2840 hoc
832 2787 937 2841 aut
981 2782 1129 2841 illud
1174 2781 1589 2841 affirmandum
1635 2788 1741 2840 est.
1832 2780 1888 2839 Ii
1935 2782 2116 2854 enim,
2164 2781 2267 2857 qui
2312 2780 2557 2841 tertium

319 2871 560 2946 aliquod
605 2871 720 2931 sibi
765 2869 999 2948 fingunt
1046 2870 1410 2930 affirmantes
1454 2869 1736 2928 Britones
1792 2869 2012 2948 quippe
2064 2870 2282 2929 liberos
2335 2869 2554 2947 princi·

317 2966 466 3038 patu
495 2958 754 3020 Romani
794 2959 1095 3037 pontificis
1125 2959 1384 3018 noluisse
1429 2978 1491 3019 se
1538 2958 1832 3033 subjicere
1860 2957 2265 3017 Romanorum
2296 2957 2555 3017 dominio

325 3083 397 3090 —
452 3049 549 3107 vel
594 3049 814 3126 quippe
869 3068 1080 3126 puram
1139 3048 1430 3126 evangelii
1483 3047 1816 3106 doctrinam
1872 3046 2158 3107 habentes
2213 3046 2556 3126 repudiasse

319 3139 785 3197 communionem
817 3159 948 3197 cum
972 3138 1227 3197 ecclesia
1258 3137 1565 3210 catholica,
1597 3136 1974 3196 vehementer
2004 3142 2220 3196 errant,
2281 3135 2559 3197 Alteram

318 3227 479 3286 illam
534 3228 744 3287 falsam
800 3227 1136 3306 opinionem
1194 3226 1427 3300 omitto,
1498 3246 1635 3285 nam
1691 3225 2010 3285 Britonum
2073 3226 2379 3285 ecclesiam
2441 3224 2557 3284 fide

319 3336 693 3393 nequaquam
753 3317 1097 3376 dissensisse
1158 3317 1235 3376 ab
1295 3316 1529 3375 unitate
1590 3314 1907 3387 catholica,
1977 3313 2124 3374 satis
2169 3335 2202 3374 0
2258 3314 2558 3392 prioribus

319 3413 573 3485 apparet
640 3425 830 3481 neque
893 3426 1043 3484 opus
1112 3410 1203 3465 est
1263 3405 1545 3482 colligere
1602 3403 1942 3464 testimonia
2003 3423 2075 3461 ex
2134 3402 2322 3480 ipsius
2380 3403 2557 3479 hujus

317 3495 533 3554 tertiae
580 3495 796 3554 aetatis
841 3495 1246 3573 scriptoribus.
1323 3493 1500 3552 Prior
1544 3498 1745 3553 autem
1791 3491 1893 3551 illa
1939 3491 2237 3552 sententia
2281 3492 2457 3551 claris
2488 3511 2558 3552 ac

319 3584 513 3661 planis
560 3583 915 3643 testimoniis
962 3584 1064 3643 vix
1109 3583 1361 3642 refutari
1407 3587 1636 3661 potest,
1700 3601 1809 3640 nec
1868 3587 2067 3643 tamen
2127 3580 2372 3640 dubium
2434 3593 2559 3640 esse

319 3677 544 3749 potest,
604 3672 748 3748 quin
802 3673 953 3732 falsa
1009 3673 1111 3745 sit,
1176 3692 1516 3748 quanquam
1571 3671 1697 3748 ipse
1744 3669 2091 3731 Warrenius
2138 3671 2220 3748 (p.
2270 3671 2351 3728 29
2400 3671 2558 3746 sqq.)

318 3760 458 3821 huic
513 3760 841 3820 sententiae
897 3761 1135 3820 videtur
1186 3763 1406 3820 favere.
1496 3758 1876 3838 Argumenta
1939 3758 2094 3817 enim
2153 3779 2271 3817 non
2328 3759 2558 3818 desunt.

317 3849 472 3911 Nam
505 3849 731 3928 primae
763 3849 977 3910 aetatis
1007 3849 1323 3909 Britonum
1355 3849 1660 3910 ecclesiam
1690 3848 1825 3927 pari
1863 3848 2037 3907 modo
2083 3853 2263 3926 atque
2309 3847 2558 3907 aliarum

320 3938 760 4019 provinciarum
795 3939 1068 3998 ecclesias
1091 3939 1397 3999 Romanae
1429 3938 1706 3998 ecclesiae
1736 3937 2012 4016 episcopo
2060 3937 2282 4016 primas
2327 3935 2559 3997 dedisse

318 4028 694 4089 manifestum
763 4032 870 4086 est.
976 4026 1078 4086 An
1140 4031 1275 4103 Jure
1331 4026 1685 4087 Warrenius
1753 4028 1834 4104 (p.
1901 4027 1985 4086 30
2046 4029 2230 4103 sqq.),
2301 4024 2560 4085 Schoelii

318 4118 550 4177 nescius
602 4116 857 4194 vestigia
917 4122 1152 4177 secutus
1212 4116 1385 4177 fidem
1448 4116 1767 4193 abrogavit
1818 4115 2115 4193 Prospero
2173 4113 2559 4192 Aquitanico,

323 4207 427 4282 qui
466 4240 542 4249 —-—
577 4213 816 4285 praeter
858 4206 1052 4265 locum
1096 4205 1262 4264 illum
1308 4227 1380 4265 ex
1411 4205 1722 4265 annalibus
1755 4203 2070 4264 Cambriae
2101 4223 2283 4281 supra
2312 4202 2558 4263 allatum

318 4297 404 4373 (p.
458 4296 566 4371 12)
612 4300 674 4353 et
718 4302 958 4374 praeter
1002 4294 1257 4367 Bedam,
1318 4295 1420 4372 qui
1475 4295 1549 4353 de
1612 4292 1884 4354 civilibus
1928 4293 2104 4351 rebus
2150 4292 2390 4351 ineunte
2436 4310 2560 4350 sae·

320 4385 452 4443 culo
514 4385 722 4462 quinto
787 4404 918 4443 cum
978 4383 1266 4444 Romanis
1325 4382 1677 4445 Britonibus
1746 4381 2052 4460 negotium
2120 4379 2301 4461 fuisse
2376 4380 2562 4441 refert
