3134 5034
1181 290 1622 347 —37—

284 467 583 547 appulisse
627 465 958 525 Patricium
1017 465 1259 545 putavit
1304 500 1388 511 —-
1436 485 1575 525 nam
1627 485 1760 524 cum
1809 460 2003 526 Gallis
2058 466 2122 524 in
2168 467 2526 529 Hiberniam

286 577 415 615 eum
476 555 817 634 pervenisse
877 560 1135 614 testatur
1189 556 1272 633 (p.
1320 553 1511 630 XIX)
1565 587 1643 598 -
1692 560 1889 613 tamen
1951 555 2251 632 prioribus
2312 557 2530 617 aetatis

283 666 424 706 suae
478 643 847 722 temporibus
894 642 1222 702 Patricium
1281 641 1584 724 naviqasse
1631 661 1743 721 per
1791 637 2023 703 Gallias
2069 652 2237 725 atque
2282 642 2530 705 Italiam

283 743 465 794 totam
507 741 679 813 atque
723 730 785 790 in
828 728 1045 802 ineolis,
1091 750 1240 813 quae
1283 730 1345 790 in
1382 729 1544 789 mavi
1584 728 1835 790 Terrena
1867 731 1989 791 sint
2019 739 2334 807 asseverat,
2383 736 2529 811 quin

284 823 463 882 etiam
526 822 712 899 ipsius
758 820 1008 878 Patricii
1068 820 1293 901 scripta
1353 819 1491 878 huic
1549 819 1640 878 rei
1699 820 2039 879 testimonio
2102 842 2226 881 esse
2272 822 2529 882 affirmat

284 910 568 987 adJiciens
615 917 721 980 „ut
765 907 889 988 ipse
933 907 1084 969 dian’t
1125 907 1188 967 in
1219 907 1759 969 commemoratione
1792 905 2097 969 laborum“
2128 910 2409 986 (Betham
2438 911 2526 985 H,

284 1020 420 1076 app.
468 1020 526 1076 p.
572 997 781 1073 XIX).
872 997 957 1056 Et
1003 1018 1072 1056 ea
1116 998 1245 1075 ipsa
1291 996 1542 1056 Patricii
1589 997 1774 1070 dicta,
1837 998 1914 1056 ad
1963 1018 2114 1075 quae
2162 998 2527 1060 Tirecbanus

282 1086 650 1164 provocavit,
697 1087 908 1145 saltem
952 1085 1168 1145 similia
1214 1091 1454 1145 exstant
1498 1085 1561 1143 in
1610 1085 1765 1145 libro
1797 1084 2220 1146 Ardmachano
2255 1094 2316 1148 et
2345 1109 2526 1168 supra

283 1176 422 1234 inde
462 1179 588 1251 jam
633 1174 996 1250 transcripta
1041 1179 1182 1233 sunt
1228 1177 1312 1252 (p.
1363 1174 1492 1249 34).

459 1263 736 1341 Denique
782 1263 1196 1322 annotationes
1243 1262 1606 1322 Hibernicae
1653 1268 1853 1322 utrum
1903 1284 2034 1322 cum
2068 1256 2401 1323 Tirechano
2449 1286 2527 1324 an

283 1373 414 1411 cum
459 1352 769 1411 Muirchuo
815 1357 1173 1428 congruant,
1235 1351 1557 1429 disceptari
1605 1371 1723 1411 non
1768 1358 1993 1429 potest,
2042 1374 2177 1411 nam
2224 1353 2298 1411 de
2344 1354 2527 1413 variis

281 1442 415 1513 illis,
466 1441 679 1518 quibus
726 1440 1042 1512 Patricius,
1090 1446 1411 1517 antequam
1457 1440 1518 1497 in
1565 1440 1922 1500 Hiberniam
1968 1441 2224 1516 veniret,
2264 1445 2527 1518 jactatus

281 1535 388 1603 est,
437 1530 671 1589 casibus
716 1529 779 1587 in
826 1530 935 1587 hoc
980 1529 1134 1588 libro
1183 1529 1419 1587 omnino
1466 1528 1552 1586 nil
1599 1530 1772 1588 inest.
1847 1529 1933 1588 Et
1975 1550 2125 1607 quae
2155 1530 2229 1589 de
2261 1531 2525 1591 Patricio

282 1619 440 1695 apud
488 1618 575 1677 St.
622 1616 987 1676 Germanum
1042 1624 1311 1677 morante
1369 1623 1431 1677 et
1475 1638 1548 1676 ex
1595 1617 1795 1677 Gallia
1841 1617 1904 1676 in
1949 1618 2302 1678 Hiberniam
2350 1620 2525 1680 misso

280 1713 603 1766 narrantur
647 1707 738 1765 his
784 1706 982 1766 verbis
1028 1727 1167 1765 casu
1215 1707 1468 1783 quodam
1515 1706 1748 1766 latinis:
1796 1703 2094 1766 Patricius
2139 1716 2191 1767 et
2230 1706 2527 1768 Iserninus

282 1816 417 1855 cum
466 1790 765 1855 Germano
808 1793 1058 1876 fierunt
1116 1793 1180 1854 in
1232 1790 1511 1855 Olsiodra
1554 1794 1778 1854 civitate
1832 1795 1948 1874 (=
1995 1794 2526 1876 Autissiodorum).

285 1879 616 1945 Germanus
660 1903 791 1943 vero
824 1881 1091 1944 Isernino
1138 1881 1288 1943 dia-it
1331 1891 1395 1942 ut
1431 1883 1784 1963 praedicare
1827 1882 1889 1942 in
1918 1880 2271 1944 Hiberniam
2314 1885 2528 1946 veniret

280 1981 450 2055 atque
482 1980 806 2054 prumptus
833 1970 962 2053 suit
1006 1969 1272 2032 oboedire
1313 1971 1377 2031 in
1420 1990 1843 2053 quamcumque
1864 1981 2101 2054 partem
2132 1972 2386 2032 mittetur
2414 1973 2530 2034 nisi

279 2060 343 2122 in
374 2057 725 2121 Hiberniam
758 2055 1091 2121 Germanus
1136 2058 1287 2121 divit
1316 2057 1579 2121 Patricio
1626 2069 1677 2120 et
1721 2070 1784 2120 tu
1827 2080 1906 2120 an
1953 2059 2251 2122 oboediens
2296 2060 2409 2122 eris
2439 2097 2527 2107 —

279 2148 576 2210 Patricius
621 2148 771 2210 dixit
795 2149 916 2234 fiat
960 2148 1106 2209 sicut
1148 2148 1234 2208 vis
1268 2144 1601 2210 Germanus
1647 2148 1798 2210 dixit
1839 2146 1948 2209 hoc
1992 2149 2140 2209 inter
2181 2169 2288 2210 nos
2331 2148 2439 2211 erit
2476 2160 2528 2210 et

278 2259 395 2299 non
427 2237 688 2318 potuerit
733 2236 1032 2298 Iserninus
1076 2237 1140 2297 in
1167 2234 1460 2299 Hibernia
1503 2257 1607 2297 nec
1652 2237 1900 2298 transire
1930 2273 2017 2283 —
2047 2236 2348 2299 Patricius
2378 2239 2527 2299 venit

281 2326 345 2388 in
375 2324 728 2388 Hiberniam
759 2325 1015 2387 Isernini
1054 2346 1188 2386 vero
1235 2336 1333 2388 etc.
1386 2362 1461 2371 —-
1513 2333 1577 2387 et
1609 2327 1925 2387 Tirechani
1971 2334 2032 2387 et
2061 2327 2359 2388 Muirchui
2388 2349 2524 2387 nar-

282 2417 503 2476 rationi
543 2417 858 2494 quadrant.
933 2416 1149 2493 Itaque
1182 2415 1254 2474 de
1286 2415 1378 2474 his
1411 2416 1895 2476 annotationibus
1927 2417 2180 2495 amplius
2212 2417 2524 2476 dicendum

282 2525 400 2565 non
448 2505 576 2564 erit.

461 2593 710 2672 Triplex
741 2592 927 2670 igitur
955 2593 1019 2652 in
1053 2592 1208 2652 libro
1237 2590 1661 2653 Ardmachano
1693 2594 1765 2658 de
1797 2593 2065 2653 Patricio
2096 2600 2188 2654 est
2217 2594 2524 2668 memoria3

282 2683 374 2743 vel
404 2683 606 2762 potius
647 2683 882 2760 duplex.
951 2683 1104 2743 Nam
1138 2702 1289 2759 quae
1322 2682 1396 2741 de
1425 2682 1698 2742 Palladio
1732 2690 1793 2743 et
1823 2683 2089 2743 Patricio
2119 2704 2154 2742 a
2188 2683 2525 2744 Coelestino

280 2792 439 2850 papa
505 2771 698 2831 missis
758 2777 1082 2831 narrantur
1138 2771 1380 2830 minime
1453 2791 1722 2831 sermone
1782 2778 2023 2849 patrum
2085 2773 2322 2851 prodita
2382 2793 2524 2847 esse,

281 2860 384 2920 sed
430 2881 503 2919 ex
532 2859 830 2937 Prospero
876 2861 970 2918 vel
1001 2859 1186 2933 Beda,
1235 2860 1336 2936 qui
1368 2859 1651 2938 Prosperi
1683 2860 2084 2920 narrationem
2116 2862 2527 2939 transscripsit

281 2949 362 3025 (h.
410 2970 457 3008 e.
504 2949 544 3007 l.
600 2949 695 3021 13,
742 2949 778 3025 ξ
829 2949 964 3024 32),
1018 2948 1081 3006 in
1127 2948 1378 3008 Patricii
1421 2948 1733 3008 historiam
1778 2949 2072 3009 translata
2119 2970 2243 3009 esse
2289 2955 2350 3009 et
2395 2950 2525 3029 ipsa

280 3039 464 3096 verba
520 3037 921 3096 annotationis
976 3037 1137 3096 illius
1182 3037 1644 3097 luculentissime
1693 3037 2100 3098 demonstrant
2145 3043 2207 3097 et
2251 3036 2523 3098 Muirchu

282 3133 343 3185 et
389 3125 772 3200 Tirechanus,
820 3145 950 3185 cum
996 3126 1069 3185 de
1102 3126 1440 3185 Coelestino
1471 3127 1802 3186 Patricium
1850 3128 2126 3188 mittente
2173 3128 2259 3186 nil
2305 3128 2523 3202 dicant,

280 3219 542 3276 tacentes
590 3216 991 3293 comprobant.
1069 3215 1163 3274 De
1209 3215 1519 3274 Muirchuo
1567 3215 1754 3293 igitur
1798 3221 1861 3275 et
1907 3215 2239 3275 'Pirechano
2285 3217 2522 3297 potissi·

281 3324 440 3362 mum
487 3304 890 3363 disserendum
939 3310 1043 3364 est.

458 3393 717 3452 Exsistit
763 3392 919 3452 enim
967 3392 1262 3469 quaestio,
1307 3397 1510 3451 utrum
1555 3390 1853 3451 Muirchui
1899 3412 1975 3450 an
2024 3392 2341 3452 Tirechani
2386 3412 2522 3453 nar-

279 3481 434 3541 ratio
495 3482 753 3559 priorem
814 3482 1052 3541 fabulae
1115 3483 1188 3540 de
1236 3479 1378 3540 Scto
1424 3481 1690 3540 Patricio
1750 3481 1998 3540 formam
2061 3481 2357 3543 exhibeat.
2446 3482 2524 3542 In

282 3591 399 3647 qua
463 3571 806 3648 quaestione
865 3604 943 3614 -
1004 3571 1157 3649 proh
1219 3571 1416 3628 dolor!
1468 3603 1546 3615 -
1598 3570 1860 3647 ipsorum
1921 3570 2278 3649 scriptorum
2339 3577 2521 3646 aetas,

277 3659 568 3736 siquidem
624 3659 771 3717 fides
815 3659 1089 3718 habenda
1138 3664 1230 3718 est
1274 3659 1659 3737 praefationi,
1724 3678 1875 3735 quae
1921 3659 2196 3738 capitulis
2241 3658 2389 3719 Aidi
2433 3661 2538 3730 in-‚

277 3749 502 3825 scripta
563 3752 654 3805 est
699 3746 841 3822 (vid.
889 3767 1067 3825 supra
1111 3768 1171 3824 p.
1222 3747 1358 3824 33),
1421 3752 1781 3806 momentum
1836 3748 2033 3806 facere
2087 3749 2322 3826 nequit,
2384 3770 2523 3809 nam

279 3836 388 3895 etsi
422 3834 787 3894 'Pirechanus
833 3836 1031 3912 paullo
1078 3842 1218 3895 ante
1247 3835 1622 3895 Muirchuum
1669 3835 1905 3895 videtur
1953 3837 2271 3916 scripsisse,
2320 3843 2522 3896 tamen

277 3925 401 3984 fere
461 3924 735 4002 aequales
794 3929 934 3984 sunt
991 3923 1265 3984 habendi.
1356 3924 1750 3984 Nihilosecius
1811 3925 2075 3985 dubitari
2136 3946 2256 3985 non
2302 3933 2519 4004 potest,

278 4013 422 4090 quin
455 4012 773 4072 Tirechani
820 4013 1086 4072 narratio
1130 4013 1307 4090 longe
1339 4014 1634 4073 vetustior
1664 4013 1745 4073 sit
1776 4033 1953 4090 quam
1984 4013 2295 4073 Muirchui.
2365 4015 2520 4075 Nam

274 4102 531 4179 primum
592 4102 855 4174 omnino,
922 4121 1072 4178 quae
1119 4100 1483 4162 Tirechanus
1543 4107 1775 4175 narrat,
1836 4102 2199 4181 simpliciora
2259 4108 2397 4162 sunt
2460 4110 2521 4164 et

276 4190 572 4249 miraculis
619 4190 812 4250 minus
857 4190 1218 4261 deformata3
1265 4195 1392 4248 tum
1427 4190 1791 4249 Tirechanus
1838 4212 1956 4250 non
1996 4194 2123 4267 jam
2156 4197 2520 4269 cognoverat

273 4277 555 4357 Prosperi
596 4279 1013 4352 narrationem,
1062 4299 1180 4356 qua
1209 4279 1585 4338 Muirchuum
1615 4299 1785 4339 usum
1817 4299 1942 4339 esse
1975 4285 2251 4359 apparet3
2300 4279 2516 4339 deinde

275 4365 639 4427 'Pirechanus
677 4367 1005 4427 Patricium
1054 4369 1135 4425 29
1186 4367 1279 4427 vel
1328 4369 1409 4426 26
1458 4388 1645 4431 annos
1691 4368 1753 4427 in
1784 4368 2081 4432 Hibernia
2124 4369 2371 4431 verbum
2417 4369 2515 4432 dei
