3134 5034
1496 346 1581 358 .-.
1680 302 1761 371 18
1854 347 1939 358 .-

944 486 1021 556 de
1067 487 1368 556 Britonum
1416 487 1473 554 in
1522 487 1714 555 Gallia
1758 488 1822 557 st
1867 488 2154 571 Hispania
2199 489 2485 559 ecclesiis

595 580 938 641 disserenda
994 579 1167 639 nobis
1221 583 1414 639 erunt.
1503 579 1853 653 Britonum,
1920 599 2052 640 cum
2113 601 2150 638 a
2209 577 2549 640 Saxonibus
2608 579 2847 640 sedibus

592 669 753 748 pulsi
819 673 1039 741 essent,
1110 668 1422 727 nonnullos
1493 669 1922 728 transmarinas
1990 667 2226 727 Galliae
2301 669 2573 746 regiones
2633 668 2854 746 petiise

593 778 774 838 supra
814 760 940 833 jam
988 763 1509 817 commemoratum
1557 764 1665 819 est.
1757 755 1875 816 Sed
1922 757 1986 816 hi
2031 757 2273 817 minime
2317 757 2498 836 primi
2527 757 2846 817 Britonum

498 890 502 895 ·
595 846 893 907 domicilia
938 846 1000 904 in
1036 844 1239 904 Gallia
1270 845 1669 922 quaesierunt.
1730 846 1777 905 J
1777 866 1873 905 am
1920 846 2024 905 diu
2069 846 2224 906 enim
2271 846 2375 905 illa
2408 845 2641 906 Galliae
2681 868 2846 925 pars,

597 935 691 994 cui
721 935 895 994 hodie
928 954 1142 993 nomen
1173 941 1265 994 est
1308 930 1683 1015 „Bretayraffi
1729 942 1872 994 tunc
1905 933 2242 1008 Armorica,
2291 956 2328 994 a
2359 935 2709 995 Britonibus
2753 936 2843 994 in·

594 1025 929 1096 colebatur,
1002 1023 1106 1101 qui
1171 1023 1433 1102 expulsis
1478 1023 1882 1083 Romanorum
1946 1024 2237 1084 militibus
2294 1043 2449 1083 anno
2497 1024 2624 1082 409
2659 1043 2841 1105 pecu-

594 1108 800 1173 liarem
859 1130 932 1173 ex
991 1131 1102 1172 sua
1160 1110 1434 1172 sententia
1494 1110 1781 1172 civitatem
1845 1113 2157 1189 (Zosimus.
2213 1114 2292 1174 H.
2340 1113 2458 1172 and
2506 1112 2593 1172 St.
2649 1113 2736 1187 II,
2790 1115 2843 1187 1,

593 1223 654 1280 p.
689 1203 771 1260 72
821 1208 928 1260 not
957 1201 1023 1278 b)
1072 1200 1521 1260 constituerant.
1598 1201 1801 1278 Hujus
1855 1202 2026 1280 regni
2073 1201 2337 1281 episcopi
2383 1202 2579 1280 quinti
2625 1203 2846 1261 saeculi

592 1291 959 1369 temporibus
1006 1288 1341 1349 Turonensi
1396 1290 1844 1369 archiepiscopo
1899 1292 2153 1369 subjecti
2216 1298 2387 1351 erant
2433 1291 2538 1366 (H.
2587 1292 2707 1350 and
2754 1291 2843 1351 St.

593 1379 679 1452 H,
723 1381 775 1453 l,
807 1400 866 1458 p.
902 1377 1011 1453 91)
1059 1386 1120 1437 et
1166 1378 1407 1455 synodis
1451 1379 1515 1437 in
1547 1378 1752 1439 Gallia
1784 1381 2162 1458 congregatis
2208 1381 2609 1439 interfuerunt
2655 1382 2840 1457 (conc.

595 1466 815 1526 Turon.
862 1467 913 1540 Ι,
971 1467 1052 1525 H.
1111 1468 1229 1526 and
1285 1466 1374 1526 St.
1420 1467 1507 1541 II,
1573 1470 1623 1541 l,
1680 1490 1739 1546 p.
1800 1471 1901 1544 72,
1964 1489 2121 1529 anno
2183 1470 2347 1543 4613
2418 1489 2579 1530 conc.
2626 1470 2840 1529 Venet.

591 1577 727 1616 ann.
777 1554 905 1616 465
956 1556 1037 1614 ib.
1081 1578 1139 1635 p.
1190 1558 1302 1628 733
1359 1577 1518 1615 conc.
1565 1557 1877 1617 Aurelian.
1924 1559 1978 1633 Ι,
2024 1579 2161 1621 ann.
2212 1556 2337 1620 511
2386 1559 2465 1617 ib.
2511 1579 2570 1637 p.
2620 1559 2720 1631 74,
2766 1559 2838 1616 cf.

591 1645 671 1705 ib.
716 1666 775 1723 p.
826 1646 906 1702 96
959 1652 1079 1705 not.
1127 1645 1210 1722 b).
1302 1643 1422 1704 Sed
1479 1647 1626 1705 haec
1681 1646 2180 1707 Britonum⁰cum
2228 1646 2421 1707 Gallis
2478 1645 2834 1706 consuetudo

592 1735 834 1793 ineunte
880 1735 1112 1792 saeculo
1160 1739 1328 1793 sexto
1373 1735 1686 1813 paullatim
1733 1736 2071 1796 intermissa
2117 1744 2223 1809 est,
2271 1742 2590 1815 postquam
2619 1734 2838 1794 Franci

592 1843 747 1882 anno
811 1821 938 1879 502
1002 1822 1380 1883 Armoricam
1440 1844 1582 1883 suae
1651 1824 1901 1885 dicionis
1961 1828 2234 1885 fecerunt
2298 1826 2403 1903 (H.
2450 1825 2570 1884 and
2615 1823 2707 1886 St.
2753 1822 2838 1897 II,

597 1913 650 1984 1,
697 1932 755 1990 p.
805 1907 890 1972 72
940 1918 1060 1970 not.
1107 1916 1183 1989 c).
1274 1912 1427 1973 Nam
1487 1933 1620 1971 cum
1665 1913 1987 1974 Britonum
2042 1915 2250 1988 duces,
2306 1914 2414 1991 qui
2459 1934 2532 1972 ex
2577 1934 2646 1971 eo
2691 1919 2837 1971 tem·

590 2018 735 2078 pore
781 2000 1024 2077 regibus
1071 2008 1491 2074 successerant,
1539 2024 1575 2061 a
1623 2002 1987 2062 Francorum
2044 2004 2385 2081 principatu
2430 2022 2619 2081 paene
2663 2001 2839 2060 liberi

590 2096 786 2150 essent
832 2089 938 2165 (H.
986 2090 1104 2148 and
1150 2089 1236 2150 St.
1284 2090 1372 2164 H,
1425 2091 1478 2164 l,
1524 2112 1583 2169 p.
1635 2094 1717 2150 72
1765 2098 1889 2152 not.
1922 2097 1997 2170 c),
2043 2094 2127 2151 nil
2175 2091 2478 2165 obstabat,
2527 2090 2840 2168 quominus

587 2178 872 2237 Britones
918 2179 1138 2238 iterato
1186 2178 1551 2238 advenarum
1599 2181 1672 2239 de
1717 2182 1920 2259 patria
1965 2181 2229 2241 adventu
2276 2180 2438 2240 aucti
2468 2179 2573 2255 (Η.
2597 2179 2716 2237 and
2748 2177 2838 2237 St.

587 2267 673 2340 II,
729 2268 780 2340 1,
828 2288 884 2344 p.
936 2269 1017 2324 72
1066 2273 1186 2326 not.
1229 2265 1294 2343 d)
1341 2268 1476 2326 odio
1524 2275 1735 2329 contra
1779 2269 2069 2344 Francos,
2136 2270 2403 2329 dominos
2448 2287 2612 2340 suos,
2682 2287 2836 2326 com·-

587 2356 735 2414 moti
779 2355 928 2414 adeo
974 2355 1332 2430 solitariam,
1378 2365 1448 2416 ut
1492 2357 1581 2416 ita
1627 2357 1847 2432 dicam,
1896 2360 2084 2419 vitam
2127 2360 2327 2420 vivere
2373 2357 2720 2434 inciperent,
2768 2362 2837 2414 ut

588 2443 851 2523 episcopi
924 2464 1128 2504 eorum
1199 2443 1261 2502 in
1296 2506 1305 2515 .
1339 2446 1582 2522 synodis
1646 2445 1957 2507 Gallorum
2021 2450 2117 2508 vel
2191 2447 2394 2527 potius
2468 2445 2836 2505 Francorum

587 2535 839 2611 posthac
870 2533 972 2594 vix
1003 2541 1337 2612 appareant
1369 2536 1466 2611 (cf.
1497 2535 1581 2596 H.
1612 2537 1731 2595 and
1764 2536 1851 2596 St.
1884 2537 1970 2611 II,
2010 2539 2064 2611 1,
2107 2560 2164 2616 p.
2201 2538 2278 2595 91
2318 2542 2379 2596 et
2407 2557 2465 2613 p.
2501 2537 2581 2593 96
2616 2541 2739 2593 not.
2770 2536 2834 2609 b)

587 2628 650 2681 et
702 2642 779 2681 ne
837 2622 1219 2700 synodalibus
1275 2623 1513 2699 quidem
1575 2624 1999 2686 minationibus
2055 2625 2305 2703 (Turon.
2358 2624 2446 2697 H,
2503 2643 2637 2682 ann.
2689 2624 2836 2695 567,

585 2708 666 2770 H.
699 2712 820 2770 and
847 2709 939 2772 St.
972 2710 1060 2785 ΙΙ,
1099 2712 1150 2784 l,
1184 2733 1243 2789 p.
1282 2712 1392 2789 77)
1440 2712 1757 2773 videantur
1801 2716 2066 2792 potuisse
2112 2712 2485 2787 commoveri,
2532 2718 2602 2772 ut
2647 2712 2836 2772 archi·

587 2799 863 2878 episcopo
912 2799 1246 2859 Turonensi
1290 2801 1543 2879 amplius
1590 2803 1956 2863 oboedirent.

765 2889 1031 2964 Quorum
1085 2888 1406 2949 Britonum
1462 2890 1535 2950 de
1592 2893 1854 2952 moribus
1915 2912 2068 2969 quae
2126 2891 2377 2951 dicenda
2436 2898 2635 2966 erunt,
2699 2912 2832 2950 con-

582 2975 760 3054 jungi
803 2984 1054 3057 possunt
1100 2998 1232 3036 cum
1279 2978 1370 3051 iis,
1417 3000 1570 3056 quae
1617 2980 1689 3040 de
1733 2981 1852 3040 illis
1883 2981 2202 3041 Britonum
2248 2972 2527 3056 ecclesiis,
2573 3001 2726 3057 quae
2771 2981 2835 3039 in

587 3066 884 3143 Hispania
930 3087 998 3125 ac
1045 3066 1283 3142 quidem
1329 3067 1392 3125 in
1427 3067 1684 3128 Gallicia
1729 3071 1882 3131 sexti
1927 3069 2146 3131 saeculi
2199 3070 2568 3147 temporibus
2609 3070 2831 3148 reperi-

586 3159 775 3212 untur
801 3155 904 3231 (H.
938 3155 1056 3213 and
1087 3155 1177 3214 St.
1207 3155 1297 3229 ΙΙ,
1337 3156 1388 3227 1,
1433 3179 1491 3236 p.
1529 3160 1610 3216 99
1644 3162 1799 3237 sqq.)
1832 3177 2289 3219 commemorare
2319 3158 2493 3214 nobis
2517 3177 2667 3234 opus
2698 3158 2831 3218 erit.

765 3243 929 3318 Quid
960 3243 1148 3321 igitur
1179 3244 1253 3303 de
1284 3250 1536 3324 utraque
1567 3247 1680 3306 hac
1710 3248 2029 3308 Britonum
2062 3243 2308 3305 ecclesia
2337 3243 2651 3302 dicendum
2699 3246 2831 3305 est?

587 3331 821 3408 qualem
868 3332 1202 3393 invenimus
1249 3336 1324 3394 ab
1372 3336 1648 3396 universa
1694 3338 1939 3397 ecclesia
1970 3331 2438 3394 dissensionem?
2484 3332 2723 3393 Nullam
2756 3334 2830 3391 de

583 3421 702 3479 fide
733 3421 1043 3481 catholica.
1134 3421 1427 3501 Alioquin
1456 3445 1650 3501 neque
1682 3424 1930 3484 Gallicis
1962 3423 2105 3501 (vid.
2138 3424 2343 3501 supra)
2384 3441 2577 3499 neque
2607 3422 2828 3501 Hispa-

584 3510 733 3569 nicis
781 3510 886 3586 (H.
933 3511 1053 3570 and
1099 3511 1185 3573 St.
1234 3512 1320 3586 ΙΙ,
1375 3515 1427 3585 1,
1472 3536 1530 3593 p.
1583 3515 1663 3571 99
1713 3517 1824 3590 sq.)
1884 3511 2126 3589 synodis
2186 3511 2507 3571 Britonum
2568 3511 2828 3591 episcopi

584 3598 937 3672 adfuissent,
986 3600 1248 3678 alioquin
1296 3557 1625 3679 Gregorius
1673 3600 2033 3661 Turonensis
2078 3600 2453 3670 Winochum,
2500 3600 2827 3674 Britonem,

585 3706 705 3745 non
751 3687 1052 3749 laudasset
1096 3690 1189 3749 his
1236 3691 1460 3750 verbis:
1507 3699 1643 3751 tum·
1675 3691 1737 3766 (i.
1771 3712 1816 3751 e.
1850 3711 1902 3748 a.
1934 3690 1989 3751 d.
2025 3690 2179 3766 578)
2227 3684 2558 3763 Winoclms,
2603 3688 2826 3761 Romo,

581 3774 645 3834 in
703 3795 935 3835 summa
995 3776 1334 3838 abstinentia
1380 3798 1418 3837 a
1468 3775 1800 3837 Britanniis
1858 3777 2007 3837 venit
2068 3776 2329 3838 Turones
2387 3773 2828 3856 Hiersolymam

581 3862 751 3924 adm
794 3864 1044 3946 cupiens,
1088 3864 1318 3927 nullam
1362 3863 1529 3925 almd
1572 3866 1968 3926 vestimentum
2009 3887 2123 3927 msa
2168 3910 2181 3925 .
2217 3910 2231 3925 .
2312 3863 2615 3937 whabens
2660 3885 2828 3947 quem

580 3972 685 4014 nos
712 3954 870 4033 (ipse
900 3954 1272 4033 Gregorius),
1319 3975 1432 4036 quo
1461 3951 1711 4036 facilius
1757 3963 2089 4027 teneremus,
2133 3954 2274 4039 quia
2318 3953 2482 4015 nobis
2526 3951 2827 4037 reliqiosus

580 4039 751 4103 valde
794 4042 1113 4116 videbatur,
1154 4042 1502 4124 presbyterii
1538 4042 1737 4124 qratia
1765 4040 2177 4105 honoravimus
2224 4046 2304 4122 (h.
2337 4065 2383 4107 e.
2418 4049 2579 4122 gent.
2611 4044 2824 4105 Franc.

581 4130 656 4205 V,
705 4132 807 4191 24.
853 4133 935 4194 H.
982 4133 1101 4192 and
1147 4132 1245 4192 St.
1281 4131 1332 4205 I,
1388 4133 1441 4205 1,
1488 4154 1546 4210 p.
1599 4129 1727 4209 78).

761 4221 1035 4281 Eundem
1067 4242 1209 4297 ergo
1240 4220 1315 4278 de
1360 4219 1476 4278 fide
1525 4221 1818 4282 catholica
1864 4241 2212 4283 consensum
2257 4221 2602 4302 reperimus,
2652 4243 2825 4299 quem

580 4309 740 4387 apud
796 4308 1054 4368 Gildam.
1146 4308 1304 4381 Quin
1369 4309 1546 4368 etiam
1611 4330 1761 4387 quae
1819 4332 2001 4389 supra
2064 4311 2138 4369 de
2199 4310 2571 4369 sacerdotum
2621 4311 2824 4373 matri·

580 4398 792 4456 moniis
852 4417 969 4455 non
1029 4396 1154 4454 sine
1209 4399 1564 4471 conjecturis
1631 4401 1691 4457 in
1755 4401 2012 4459 medium
2078 4398 2457 4477 protulimus,
2530 4400 2641 4457 hoc
2697 4399 2826 4458 loco
