3134 5034
1184 293 1627 358 —31—..

286 480 369 540 ad
428 471 628 540 Scotos
695 479 757 538 in
824 476 1118 541 Christum
1181 477 1468 539 credentes
1526 477 1834 539 ordinatus
1892 498 1933 536 a
1977 497 2155 558 papa
2214 475 2527 539 Coelestino
2597 493 2601 497 ·

287 566 601 630 Palladius
617 568 862 648 primus
892 566 1193 648 cpi-scopus
1222 566 1481 640 mittitur,
1517 574 1578 627 et
1601 587 1787 643 usque
1812 567 1888 625 ad
1911 567 2067 626 hunc
2090 567 2283 645 ipsum
2308 588 2527 627 annum

285 660 601 719 barbaram
647 659 831 716 fuisse
862 658 1190 716 Hiberniae
1238 657 1491 716 insulam
1535 655 1689 714 idem
1737 656 1995 734 scriptor
2039 661 2299 715 testatur
2328 657 2528 715 dicens

285 749 499 822 (contr.
532 747 680 806 Coll.
727 745 894 804 XXI
941 767 1032 824 op.
1064 746 1115 819 Ι,
1159 767 1217 822 p.
1260 747 1400 804 197.
1475 746 1556 804 H.
1605 745 1723 803 and
1756 744 1843 804 St.
1885 746 1934 818 Ι,
1980 767 2039 822 p.
2080 747 2208 821 16):
2258 742 2528 805 ordinato

285 833 474 896 Scotis
521 834 788 916 episcopo
823 835 1240 914 [Coelestinus]
1289 833 1435 893 dum
1466 831 1810 893 Romanum
1840 831 2093 893 insulam
2126 833 2530 911 [Britanniam

286 927 358 983 cf.
405 945 563 1001 supr.
610 946 668 1002 p.
724 926 826 1002 10]
874 923 1061 984 studet
1114 941 1342 983 servare
1387 919 1755 993 catholicam,
1796 919 1947 1003 fecit
1989 920 2164 981 etiam
2209 920 2528 981 barbaram

285 1010 678 1073 christianam.
755 1012 921 1087 Quae
952 1012 1251 1090 Prosperi,
1298 1017 1509 1091 utpote
1542 1011 1867 1070 Ooelestini
1912 1011 2195 1088 aequalis,
2243 1011 2316 1069 116
2350 1013 2527 1090 misso

286 1102 559 1160 Palladio
606 1102 872 1162 narratio
920 1102 1035 1160 fide
1083 1101 1320 1178 dignior
1365 1121 1491 1160 esse
1526 1101 1666 1161 mihi
1699 1101 1954 1173 videtur,
2004 1120 2179 1177 quam
2216 1120 2367 1177 quae
2398 1106 2529 1159 tota

286 1191 476 1269 possit
535 1190 733 1250 vocari
793 1192 856 1249 in
911 1190 1355 1261 dubitationem
1403 1189 1630 1265 (86111511
1685 1211 1742 1268 p.
1794 1191 1875 1247 77
1936 1190 2007 1248 cf.
2056 1209 2235 1267 supra
2289 1212 2346 1267 p.
2401 1189 2529 1266 24).

285 1280 409 1339 Uni
440 1299 580 1357 ergo
614 1279 939 1339 Hiberniae
972 1279 1241 1358 apostolo
1274 1298 1403 1337 cum
1438 1278 1713 1356 episcopo
1737 1278 2010 1336 Romano
2044 1278 2528 1337 consuetudinem

284 1368 463 1428 fuisse
526 1373 772 1428 constat.
865 1368 1098 1428 Infecta
1159 1388 1223 1427 re
1277 1369 1445 1426 illum
1500 1388 1619 1427 uno
1667 1372 1969 1426 transacto
2016 1384 2172 1426 anno
2216 1368 2530 1426 revertisse

284 1457 629 1536 Prosperus,
677 1477 852 1534 quem
899 1459 1026 1531 1106,
1072 1457 1124 1516 si
1172 1458 1393 1516 factum
1436 1463 1606 1530 esset,
1654 1457 1858 1534 fugere
1900 1477 2018 1515 non
2049 1456 2263 1534 potuit,
2313 1475 2529 1531 nequa-

285 1567 462 1622 quam
533 1554 766 1620 narrat,
836 1547 1014 1606 immo
1078 1547 1337 1624 primum
1398 1545 1730 1604 Hiberniae
1793 1545 2133 1623 episcopum
2194 1545 2528 1603 Palladium

284 1636 613 1713 appellavit
644 1642 704 1694 et
733 1655 914 1713 opera
946 1639 1072 1714 ejus
1102 1635 1356 1694 insulam
1387 1636 1710 1694 barbaram
1742 1634 2129 1693 christianam
2161 1635 2377 1693 factam
2401 1653 2530 1692 esse

286 1723 529 1783 censuit.
606 1724 827 1801 Itaque
876 1745 992 1783 non
1038 1725 1178 1782 licet
1223 1729 1435 1802 putare
1480 1724 1630 1782 illud
1675 1723 1888 1801 ipsum,
1935 1723 2008 1781 116
2050 1743 2165 1800 quo
2198 1723 2529 1801 Prosperus

291 1813 475 1871 verba
507 1833 623 1870 non
655 1814 796 1872 fecit
826 1814 1046 1872 factum
1078 1834 1202 1872 esse
1233 1813 1349 1872 nisi
1372 1812 1462 1885 iis,
1497 1813 1601 1889 qui
1625 1813 1783 1871 haud
1806 1813 1894 1871 ita
1918 1813 2104 1870 multo
2127 1818 2265 1889 post
2288 1812 2529 1871 missum

287 1900 625 1966 Palladium
673 1903 749 1960 ab
797 1902 1000 1960 eodem
1045 1901 1380 1961 Coelestino
1410 1901 1738 1960 Patricium
1785 1901 1848 1958 in
1886 1900 2243 1958 Hiberniam
2287 1900 2530 1959 missum

288 2010 413 2048 esse
446 1989 561 2049 sibi
597 1997 1035 2068 persuaserunt.
1095 1990 1271 2048 Hanc
1303 1991 1377 2047 ob
1409 2010 1550 2062 rem,
1584 1990 1929 2068 priusquam
1960 1990 2133 2066 plura
2164 1990 2426 2048 dicamus
2458 1989 2531 2046 de

285 2078 574 2153 Palladio,
623 2079 1027 2156 quaerendum
1073 2085 1163 2138 est
1207 2079 1395 2151 nobis,
1444 2079 1736 2155 quomodo
1784 2098 1845 2136 se
1875 2078 2095 2136 habeat
2124 2077 2440 2136 Patricius.

463 2167 618 2226 Male
679 2169 949 2246 profecto
1010 2189 1070 2227 se
1131 2169 1312 2227 habet
1366 2173 1573 2227 nostra
1629 2167 1701 2225 116
1746 2166 2015 2229 Patricio
2060 2167 2292 2226 notitia.
2386 2167 2529 2240 Qui·

286 2275 536 2333 cumque
582 2258 739 2314 enim
784 2258 1050 2336 paullum
1094 2257 1505 2316 laboraverint
1546 2256 1610 2314 in
1658 2256 2065 2314 adumbranda
2096 2256 2350 2314 Patricii
2388 2256 2529 2328 vita,

288 2366 423 2404 mox
469 2346 778 2405 invenient
822 2347 1039 2404 multas
1085 2366 1209 2418 res,
1258 2365 1407 2422 quae
1455 2345 1697 2404 maximi
1744 2344 2026 2404 momenti
2072 2349 2210 2403 sunt
2255 2344 2331 2402 ad
2371 2345 2529 2420 judi,-

290 2434 542 2493 candum
589 2435 662 2493 de
703 2434 954 2493 Patricii
1000 2435 1252 2495 historia
1298 2434 1446 2493 adeo
1494 2434 1684 2493 adhuc
1731 2454 1857 2492 esse
1904 2435 2013 2494 sub
2055 2433 2270 2509 judice,
2318 2439 2387 2492 ut
2417 2433 2532 2491 viri

288 2523 450 2581 docti
510 2544 629 2582 non
676 2525 861 2583 solum
911 2523 1062 2582 alius
1107 2524 1218 2581 1106
1265 2523 1415 2582 alius
1460 2523 1609 2582 illud
1656 2523 1942 2594 affirmet,
2000 2523 2102 2580 sed
2150 2522 2330 2580 etiam
2375 2521 2530 2579 idem

289 2610 451 2670 aliud
510 2613 628 2671 alio
691 2620 958 2691 tempore
1020 2614 1097 2690 (6.
1143 2634 1200 2689 g.
1248 2611 1471 2685 86111511,
1533 2612 1873 2671 dissertatio
1936 2611 2101 2671 1851
2165 2617 2226 2669 et
2271 2611 2530 2688 Herzog,

287 2700 363 2759 R.
411 2701 481 2759 E.
540 2721 584 2759 s.
633 2723 687 2760 v.
733 2701 1050 2760 Patricius.
1126 2700 1347 2777 1858),
1408 2721 1603 2777 neque
1664 2701 1821 2759 hunc
1881 2700 2229 2779 scriptorem
2289 2700 2530 2777 putabis

290 2790 485 2848 omnia
525 2789 761 2863 dixisse,
811 2791 860 2848 si
892 2791 1105 2866 legeris
1136 2789 1318 2863 illum,
1364 2809 1503 2847 nam
1533 2789 1701 2866 prior
1733 2789 1947 2861 omisit,
1982 2788 2055 2846 de
2088 2789 2303 2865 quibus
2335 2794 2529 2865 poste·

289 2879 411 2936 rior
454 2880 629 2956 plura
673 2880 817 2937 fecit
863 2879 1062 2938 verba.
1155 2878 1287 2951 Quo
1336 2879 1557 2937 factum
1607 2883 1723 2949 est,
1769 2883 1836 2934 111
1883 2897 2098 2949 omnes,
2147 2877 2251 2952 qui
2296 2877 2369 2934 de
2413 2876 2529 2935 Pa·

289 2968 487 3026 tricio·
532 2967 938 3026 disseruerunt
996 2987 1189 3044 neque
1249 2966 1365 3044 ipsi
1425 2972 1614 3025 totam
1676 2985 1798 3023 rem
1860 2966 2040 3044 plane
2098 2965 2531 3041 intelligebant,

289 3076 516 3115 errores
579 3077 696 3114 non
758 3054 1132 3115 vitaverint&
1225 3055 1442 3131 Itaque
1502 3075 1697 3132 neque
1759 3074 1896 3132 ege,
1958 3075 2086 3112 cum
2150 3074 2267 3112 non
2332 3074 2532 3113 omnes

439 3267 459 3297 ¹
497 3264 803 3331 Ebrardus,
845 3283 972 3319 cum
1009 3264 1219 3318 librum
1257 3283 1416 3318 suum
1456 3264 1854 3327 conscriberet,
1896 3262 2099 3317 idonea
2124 3263 2396 3316 historiae
2422 3263 2529 3317 Pa·

290 3336 445 3390 tricii
484 3336 718 3390 scientia
758 3353 986 3405 prorsus
1028 3335 1226 3389 caruit.
1290 3333 1419 3389 Duo
1456 3333 1742 3388 sufficiant
1766 3334 2109 3388 testimonia.
2175 3333 2264 3387 De
2292 3333 2531 3387 Patricii

291 3408 670 3472 confessione,
726 3425 886 3474 quam
929 3410 1160 3474 praeter
1195 3407 1592 3460 necessitatem
1635 3405 1731 3475 (cf.
1774 3405 2032 3472 Loening
2068 3404 2146 3469 ΙΙ,
2187 3405 2293 3459 413
2331 3410 2432 3458 1101
2471 3409 2529 3458 61

292 3479 369 3532 H.
411 3478 522 3532 and
560 3477 642 3531 St.
682 3477 760 3540 II,
803 3479 851 3532 2.
893 3479 996 3533 296
1034 3479 1178 3543 not.)
1228 3479 1290 3531 111
1338 3477 1654 3546 appendice
1695 3494 1761 3529 ex
1801 3477 1932 3528 Act.
1974 3475 2073 3530 88.
2121 3477 2527 3543 transscripsit,

291 3551 462 3603 dixit:
502 3549 602 3614 „in
637 3548 809 3602 cirtem
844 3549 1084 3618 cinziyen
1110 3548 1221 3603 Ms.
1252 3549 1342 3603 des
1384 3547 1776 3603 monasterium
1800 3545 1904 3601 Sti.
1940 3546 2158 3600 Vcdasti
2181 3547 2529 3602 ‘commutem‘

290 3620 545 3674 nesciens
581 3619 763 3672 adhuc
790 3620 980 3686 plures
1009 3625 1232 3674 exstare
1259 3620 1481 3673 codices
1508 3635 1814 3686 eorumque
1842 3617 2271 3671 celeberrimum
2299 3620 2358 3671 in
2384 3619 2530 3672 libro

289 3690 708 3744 ArdmachanO.
786 3689 940 3760 Ergo
990 3707 1061 3744 116
1109 3690 1494 3744 tenuissimam
1542 3689 1770 3758 quidem
1817 3688 2164 3742 auditionem
2202 3689 2423 3759 accepit
2458 3690 2529 3743 116

288 3763 396 3815 1106
436 3761 598 3823 libro,
640 3760 709 3812 de
748 3778 858 3828 quo
898 3759 1047 3815 infra
1085 3762 1385 3819 dicendum
1426 3765 1526 3825 est,
1567 3760 1704 3830 quin
1739 3759 1910 3812 etiam
1934 3776 2006 3812 ne
2033 3760 2090 3813 id
2116 3760 2343 3828 quidem
2368 3761 2528 3829 legit,

289 3832 443 3902 quod
470 3831 790 3885 Schoellius
828 3849 940 3884 non
980 3832 1163 3884 dicam
1201 3833 1260 3885 in
1300 3833 1696 3885 dissertatione
1723 3849 1777 3898 p.
1807 3830 1875 3885 68
1901 3830 2000 3884 sed
2025 3831 2085 3883 in
2111 3830 2340 3901 Herzog
2363 3830 2433 3885 R.
2463 3831 2529 3888 E.

288 3904 393 3958 Bd.
435 3904 498 3956 11
541 3903 610 3956 de
649 3901 936 3956 codicibus
978 3902 1257 3956 disseruit.
1324 3902 1489 3970 Quod
1530 3901 1626 3971 qui
1663 3902 2023 3972 cognoverit,
2064 3919 2176 3954 non
2213 3903 2526 3965 mirabitur,

288 3975 441 4043 quod
492 3992 602 4027 una
650 3974 770 4026 sola
822 3991 892 4026 ex
928 3974 1226 4041 permultis
1268 3972 1505 4027 Patricii
1541 3973 1675 4026 vitis
1716 3989 1891 4041 eaque
1929 3972 2174 4026 omnium
2213 3989 2394 4041 paene
2432 3990 2529 4040 po-

291 4049 501 4099 strema
539 4044 800 4099 Ebrardo
847 4049 983 4097 nota
1033 4043 1203 4098 fuisse
1252 4045 1477 4099 videtur
1528 4044 1623 4110 (cf.
1664 4042 1887 4097 Ebrard
1924 4061 1980 4111 p.
2023 4043 2115 4112 10)
2154 4075 2222 4083 -
2264 4044 2531 4097 videlicet

290 4134 372 4180 ea,
414 4133 557 4185 quae
596 4116 716 4169 sola
755 4119 941 4169 exstat
977 4115 1037 4168 in
1061 4114 1194 4170 Act.
1225 4115 1328 4170 88.
1356 4114 1502 4170 Boll.
1532 4112 1698 4168 Mart.
1744 4114 1809 4168 17
1847 4132 1902 4182 p.
1933 4114 2037 4168 540
2065 4131 2184 4182 sqq.
2251 4114 2357 4167 His
2393 4132 2529 4168 vero

288 4188 455 4241 Actis
484 4185 582 4241 SS.
621 4187 705 4239 ita
740 4205 868 4240 usus
905 4190 1006 4251 est,
1047 4190 1111 4240 ut
1149 4185 1618 4240 commentarium
1656 4187 1948 4252 praevium
1991 4185 2379 4239 Bollandistae
2416 4203 2530 4238 non

287 4259 523 4329 legeret,
547 4289 609 4298 —
635 4258 888 4326 alioquin
916 4259 986 4310 de
1014 4256 1139 4310 aliis
1166 4258 1298 4311 vitis
1325 4257 1648 4311 audivisset.
1681 4288 1740 4296 —-
1769 4255 1893 4324 Quo
1920 4256 2149 4309 tandem
2169 4258 2298 4324 jure
2318 4256 2531 4310 Ebrar·

288 4330 391 4383 dus
441 4329 528 4383 his
577 4328 775 4383 diebus
824 4327 1188 4398 (Bonifatius.
1247 4328 1410 4397 1882)
1458 4325 1705 4381 ludibrio
1753 4327 1860 4380 sibi
1907 4327 2081 4380 habet
2116 4327 2332 4381 doctum
2369 4345 2532 4382 suum

288 4399 667 4453 adversarium
706 4398 1074 4455 Fischerum?
