3134 5034
1434 273 1865 329 ..90-

532 454 912 529 conspectum
958 450 1208 510 aliorum
1254 450 1558 509 hominum
1604 448 2027 529 processerint,
2074 455 2236 509 recte
2281 470 2519 528 sperare
2564 469 2769 528 possu-

533 560 662 600 mus
708 540 853 613 fore,
897 545 969 599 ut
1013 539 1077 598 in
1123 539 1359 600 illorum
1389 539 1517 599 vita
1549 538 1865 599 Scotorum
1912 558 2105 598 mores
2153 538 2618 602 manifestissimi
2662 539 2771 598 sub

534 633 839 707 aspectum
885 629 1057 688 nobis
1101 627 1515 704 subjiciantur.
1608 625 1901 687 Attamen
1946 627 2087 703 quia
2140 627 2259 705 ipsi
2304 626 2471 687 Scoti
2513 628 2774 729 peregri·

532 723 746 777 nantes
792 716 940 776 adeo
985 717 1288 795 peregrini
1334 722 1506 777 erant
1550 717 1615 774 in
1671 717 1782 775 hoc
1837 716 2086 789 mund0,
2145 722 2239 788 ut,
2300 716 2570 793 quamvis
2621 717 2775 794 peri-

533 806 749 866 tissimi
795 812 990 866 essent
1034 806 1350 878 scribendi,
1395 812 1598 864 tamen
1640 806 2011 865 voluntatem
2059 824 2176 864 non
2228 805 2519 864 haberent
2561 805 2777 864 litteris

537 894 943 972 consignandi,
992 914 1144 972 quae
1188 894 1305 972 ipsi
1350 894 1585 973 experti
1630 899 1853 968 essent,
1901 914 2053 971 quae
2097 894 2406 966 docerent,
2457 913 2609 970 quae
2653 894 2776 953 lau-

536 984 770 1056 darent,
833 1003 985 1060 quae
1044 983 1485 1061 vituperarent,
1548 1018 1632 1028 —
1686 982 1791 1042 illa
1853 1003 1989 1061 spes
2052 1002 2161 1042 nos
2221 983 2604 1056 destitueret,
2664 982 2778 1041 nisi

536 1073 747 1131 fuisset
793 1072 1082 1132 Columba
1093 1072 1143 1149 ¹)
1190 1070 1606 1132 Luxoviensis.
1694 1072 1834 1145 Hic,
1881 1071 2143 1131 omnium
2190 1059 2521 1144 Scotorum,
2567 1070 2673 1147 qui
2716 1071 2780 1129 in

538 1161 941 1220 continentem
971 1168 1282 1234 venerunt,
1329 1160 1490 1220 haud
1534 1160 1716 1219 dubie
1762 1160 2147 1232 clarissimus,
2193 1179 2345 1220 unus
2388 1165 2497 1233 est,
2543 1160 2616 1218 de
2663 1179 2780 1236 quo

537 1251 725 1309 multa
779 1250 1093 1309 memoriae
1138 1250 1377 1328 prodita
1422 1251 1571 1321 sint,
1618 1250 1870 1327 primus,
1917 1249 1991 1308 de
2035 1268 2153 1325 quo
2198 1250 2439 1308 omnino
2484 1248 2634 1309 certi
2679 1249 2782 1307 ali·

539 1338 685 1416 quid
741 1337 859 1397 dici
890 1339 1098 1417 possit.
1160 1339 1312 1399 Nam
1362 1339 1435 1396 de
1480 1338 1608 1397 vita
1653 1337 1976 1410 Fridolini,
2023 1358 2198 1414 quem
2243 1358 2360 1397 non
2409 1338 2536 1397 sine
2583 1337 2782 1414 aliquo

531 1431 666 1503 jure
711 1427 971 1529 primum
1026 1427 1090 1485 in
1136 1427 1395 1486 Francia
1441 1425 1686 1487 Scotum
1731 1426 2044 1486 Ebrardus
2098 1426 2433 1487 nominavit
2477 1429 2561 1505 (p.
2612 1426 2785 1502 285),

536 1517 625 1575 nil
670 1521 832 1576 certo
878 1516 1112 1588 scimus,
1157 1517 1376 1574 nedum
1408 1516 1481 1575 de
1510 1517 1774 1575 moribus
1806 1517 1905 1591 (cf.
1935 1515 2250 1593 Rettberg,
2280 1515 2369 1588 II,
2399 1538 2458 1594 p.
2493 1516 2575 1573 29
2608 1517 2785 1591 sqq..)

540 1605 784 1682 Optimo
832 1604 987 1663 enim
1027 1607 1165 1680 jure
1209 1603 1632 1682 Rettbergius,
1693 1605 1788 1663 cui
1847 1624 2037 1683 paene
2098 1624 2300 1663 omnes
2356 1560 2534 1662 hodie
2589 1623 2785 1663 assen-

539 1693 776 1754 tiuntur
821 1694 919 1768 (cf.
967 1693 1396 1767 wattenbach,
1445 1692 2036 1769 Geschichtsquellen
2082 1692 2142 1765 Ι,
2189 1715 2247 1771 p.
2297 1693 2407 1770 35)
2453 1692 2666 1765 vetuit,
2712 1711 2786 1750 ne

540 1781 795 1859 amplius
826 1782 1095 1842 historici
1126 1802 1287 1840 more
1332 1784 1624 1884 majorum
1658 1802 1689 1840 e
1720 1788 2060 1841 sanctorum
2092 1782 2234 1841 vitis
2275 1782 2541 1860 ipsorum
2587 1787 2785 1840 aetate

541 1871 718 1948 longe
763 1871 1162 1943 inferioribus,
1209 1891 1362 1947 quae
1407 1870 1532 1930 ab
1514 1871 1589 1930 iis
1618 1876 1792 1948 gesta
1822 1876 2036 1944 essent,
2069 1879 2428 1929 conarentur
2458 1871 2787 1929 enucleare.

542 1958 662 2019 Sed
708 1960 827 2018 alia
873 1966 964 2021 est
1007 1959 1269 2019 Ebrardi
1313 1960 1628 2019 sententia.
1720 1958 2017 2037 Scriptori
2078 1959 2312 2018 cuidam
2372 1959 2561 2018 multa
2616 1959 2787 2017 fabu-

540 2049 668 2108 losa
714 2048 1020 2108 enarranti
1065 2069 1185 2109 non
1231 2049 1470 2108 omnino
1499 2048 1678 2108 fidem
1725 2047 2129 2126 abrogandam
2177 2068 2303 2107 esse
2344 2055 2564 2121 censet,
2610 2066 2790 2124 quae·

542 2137 792 2196 rendum
854 2158 979 2197 esse
1041 2137 1259 2216 potius,
1321 2159 1475 2214 quae
1536 2158 1678 2197 vera
1738 2142 1801 2196 et
1871 2143 2035 2196 certa
2094 2137 2341 2209 referat,
2414 2157 2568 2213 quae
2637 2135 2791 2194 falsa

544 2227 628 2302 (p.
679 2226 851 2302 299)
898 2260 983 2270 —
1028 2225 1302 2285 Honesta
1361 2227 1506 2285 haec
1567 2225 1785 2298 oratic,
1847 2246 1956 2286 nec
2014 2230 2216 2284 tamen
2269 2226 2514 2303 probari
2570 2228 2789 2303 potest.

543 2313 699 2374 Nam
748 2314 852 2390 qui
898 2314 1306 2375 intellexerint
1350 2321 1571 2374 certam
1620 2313 1897 2374 notitiam
1952 2314 2410 2392 praeteritorum
2456 2320 2792 2392 temporum

544 2402 666 2462 suis
722 2401 965 2476 finibus,
1022 2403 1252 2480 exiguis
1311 2423 1480 2476 sane,
1542 2402 1859 2475 contineri,
1919 2402 1990 2476 ii,
2053 2423 2185 2461 cum
2246 2423 2316 2464 ea
2377 2402 2458 2462 sit
2501 2400 2791 2461 fabularis

542 2491 826 2550 historiae
872 2499 1105 2565 natura,
1152 2498 1222 2551 ut
1267 2512 1473 2551 verum
1519 2513 1556 2551 a
1601 2492 1753 2551 falso
1793 2491 2020 2551 secerni
2064 2512 2182 2550 non
2215 2492 2420 2569 possit,
2467 2491 2643 2550 facile
2675 2489 2793 2548 sibi

546 2581 991 2658 persuadebunt
1027 2600 1137 2641 eos
1181 2581 1517 2658 scriptores,
1566 2580 1670 2656 qui
1718 2601 1792 2639 ex
1837 2581 1960 2640 sola
2003 2581 2164 2639 fama
2207 2580 2530 2651 hauserint,
2578 2579 2791 2656 dignos

546 2688 666 2726 non
713 2688 864 2741 esse,
904 2668 1121 2744 quibus
1166 2669 1228 2730 in
1276 2667 1588 2729 scribenda
1634 2668 1886 2728 historia
1929 2674 2188 2728 utamur.
2279 2669 2433 2729 Nam
2481 2688 2612 2727 cum
2659 2668 2791 2725 luce

548 2756 765 2815 clarius
826 2757 906 2816 sit
963 2777 1082 2816 non
1147 2758 1343 2818 omnia
1402 2778 1545 2817 vera
1607 2777 1758 2830 esse,
1821 2777 1973 2834 quae
2032 2777 2174 2817 vera
2233 2777 2361 2817 esse
2414 2761 2693 2836 possunt,
2739 2755 2794 2815 si

542 2845 776 2904 ratione
820 2845 951 2920 illa,
999 2866 1175 2924 quam
1222 2847 1533 2906 Ebrardus
1594 2854 1866 2924 exoptat,
1928 2852 2240 2906 uterentur
2298 2845 2597 2918 historici,
2659 2843 2793 2903 fieri

544 2954 663 2992 non
708 2942 925 3012 posset,
972 2935 1118 3012 quin
1164 2971 1252 2982 —-
1298 2944 1367 2995 ut
1421 2936 1653 2995 sciurus
1706 2936 1771 2994 in
1826 2935 2173 3012 frangendis
2228 2935 2479 2994 nucibus
2524 2938 2790 3011 gustatu,

546 3023 651 3097 qui
696 3024 776 3082 sit
822 3025 1081 3097 nucleus,
1129 3024 1419 3100 diiudicat
1456 3057 1531 3067 --
1567 3023 1658 3082 ita
1702 3023 1971 3083 historici
2000 3023 2154 3083 alius
2184 3023 2331 3082 alias
2376 3022 2494 3082 sibi
2524 3023 2791 3099 eligeret,

543 3118 724 3187 prout
770 3112 983 3187 cuique
1028 3113 1367 3190 placuisset,
1411 3112 1539 3171 veri
1584 3118 1649 3171 et
1691 3113 1824 3171 falsi
1873 3118 2064 3172 notas.

725 3197 864 3257 Hoc
909 3200 1104 3278 ipsum
1149 3201 1250 3274 iis,
1307 3220 1459 3277 quae
1505 3200 1818 3262 Ebrardus
1876 3201 1950 3260 de
1995 3200 2304 3260 Fridolino
2351 3199 2660 3270 disseruit,
2721 3205 2794 3258 ut

547 3288 831 3364 exemplis
864 3291 1299 3366 comprobatur.
1360 3289 1458 3348 Ex
1489 3288 1707 3366 quibus
1735 3308 1917 3348 unum
1951 3296 2058 3363 est,
2084 3288 2243 3365 quod
2274 3288 2600 3360 Ebrardus,
2623 3293 2791 3365 post-

547 3397 724 3452 quam
772 3379 1076 3439 enarravit
1119 3378 1497 3438 Fridolinum
1559 3383 1713 3438 teste
1771 3376 2060 3437 Balthero
2108 3377 2236 3454 (vit.
2283 3377 2447 3438 Frid.
2501 3377 2600 3448 12,
2647 3375 2792 3436 Act.

546 3464 651 3526 SS.
697 3464 856 3527 Boll.
904 3467 1080 3526 Mart.
1130 3470 1187 3540 6,
1234 3490 1292 3546 p.
1342 3467 1497 3544 435)
1543 3465 1917 3544 praedicasse
1962 3464 2296 3547 „quomodo
2335 3461 2506 3548 filius
2551 3462 2650 3523 dei
2680 3509 2694 3523 .
2728 3508 2742 3530 .
2774 3507 2791 3523 .

543 3552 755 3612 mundi
795 3554 1131 3636 vor-affinem
1158 3555 1421 3627 intraret,
1464 3552 1674 3618 scilicet
1698 3563 1943 3634 propter
1986 3563 2187 3615 nostra
2219 3562 2486 3633 peccata,
2515 3571 2618 3612 seu
2646 3551 2795 3634 qaid

536 3660 654 3722 pro
699 3639 863 3700 nobis
899 3652 1244 3724 pateretur“
1289 3646 1443 3703 hanc
1472 3643 1745 3702 Baltheri
1790 3643 2195 3703 narrationem
2240 3642 2496 3703 veritate
2541 3641 2658 3700 niti
2697 3641 2793 3700 his

546 3730 746 3790 verbis
806 3730 921 3790 sibi
980 3733 1222 3793 videtur
1282 3734 1721 3811 comprobasse:
1787 3726 1967 3792 Dicae
2026 3727 2347 3812 eneryisclae
2407 3727 2794 3810 IIinwoe'euny

545 3816 666 3899 auf
702 3814 927 3879 Christi
965 3818 1295 3882 ezihnenden
1339 3817 1713 3880 Kreuzeetod
1725 3863 1743 3891 ‚
1807 3818 1959 3879 dieee
2012 3816 2465 3899 sotevioloqzzsche
2510 3814 2795 3897 Faesunq

546 3905 654 3965 der
698 3904 1057 3968 christlichen
1087 3906 1285 3969 Lehre
1330 3907 1419 3969 als
1463 3907 1573 3969 der
1601 3904 1944 3979 Heileldzre,
1989 3907 2063 3968 ist
2092 3927 2158 3968 so
2193 3903 2450 3967 sichtlick
2478 3902 2791 3976 culdei-sch,

546 3993 684 4055 dass
729 3994 855 4056 hier
899 3996 1011 4057 das
1055 3994 1560 4079 Zuqrundelieqen
1622 3995 1780 4057 einer
1837 3994 1972 4055 sehr
2014 3994 2168 4057 alten
2220 3992 2421 4071 Quelle
2463 3991 2621 4054 nicht
2666 4014 2792 4054 ver-

544 4081 725 4144 kannt
784 4085 1017 4146 werden
1075 4084 1231 4146 kann
1292 4089 1374 4165 (p.
1427 4087 1601 4163 294).
1693 4084 1837 4144 Alia
1894 4086 2067 4164 plura
2125 4084 2467 4161 hujusmodi
2524 4084 2793 4161 proferre

694 4296 715 4327 ¹
760 4295 1162 4350 Columbanus.
1239 4294 1372 4362 ‚qui
1408 4298 1461 4348 et
1486 4293 1826 4350 Columba—
1849 4292 1891 4347 J
1894 4310 1983 4346 on
2012 4291 2112 4345 vit.
2143 4290 2261 4345 col.
2291 4291 2340 4357 6,
2369 4291 2522 4345 Mab.
2549 4290 2633 4355 ΙΙ,
2664 4307 2793 4346 ann.

550 4364 672 4430 615,
701 4384 757 4433 p.
787 4367 847 4432 73
887 4367 1010 4434 ipse
1047 4366 1106 4419 in
1146 4365 1403 4434 epistulis
1433 4365 1764 4421 Columbam
1789 4381 1903 4418 non
1929 4363 2336 4418 Oolambanum
2362 4378 2422 4416 se
2460 4332 2794 4431 appel’lavit.
