3134 5034
1164 362 1293 395 --,
1345 330 1427 390 35
1500 362 1608 385 -..-

398 500 499 569 sic'
527 511 748 589 scripta
796 512 1078 587 (Betham
1124 513 1161 569 l.
1205 534 1251 570 c.
1283 534 1340 591 p.
1374 511 1570 571 XXV
1599 514 1744 590 sq.):
1794 504 1997 573 XIII
2026 535 2180 575 anno
2217 511 2508 577 motosii

399 597 784 681 Imperatoris
829 620 869 657 a
904 597 1184 660 Celestino
1229 599 1499 679 episcopo
1530 598 1709 681 Papa
1751 599 1984 662 Romae
2013 601 2310 665 Patricius
2356 605 2500 687 epi-3-

398 707 577 767 copus
623 687 706 747 ad
751 687 1081 748 doctrinam
1126 683 1433 748 Scotorum
1476 687 1746 760 mittitur,
1794 690 1896 772 qui
1936 688 2248 752 Celcstz‘nus
2294 689 2515 753 XLII

398 775 699 855 episcopas
745 797 783 834 α
814 773 993 837 Petro
1039 775 1301 857 apostolo
1346 776 1408 836 in
1438 776 1581 836 urbe
1612 775 1859 838 Romae.
1899 814 1972 824 —-
2011 776 2327 840 Palladius
2357 781 2501 863 cpis-

399 882 577 942 copas
622 863 824 945 primo
868 864 1112 925 mittitur
1155 865 1257 945 qui
1299 863 1418 924 alio
1460 865 1691 925 nominc
1736 863 2030 926 Patricius
2074 867 2502 950 appellabam,

397 950 500 1032 qui
539 951 893 1031 martyrium
928 973 1144 1033 passus
1189 962 1269 1019 cst
1314 954 1479 1032 apud
1509 951 1731 1025 Semo-5,
1779 964 1843 1014 ut
1887 955 2127 1015 tradunt
2172 956 2359 1016 sancti
2400 979 2501 1018 an-

399 1038 555 1120 tiqui.
633 1037 866 1101 Deinde
894 1039 1192 1115 Patricius
1234 1040 1516 1101 sccundus
1547 1041 1624 1100 ab
1653 1040 1888 1123 anyucli
1915 1043 2012 1103 dei
2055 1040 2250 1104 Victor
2277 1045 2507 1106 nominc

400 1136 451 1185 ot
485 1123 757 1189 Celcstino
790 1149 996 1210 papae
1022 1129 1283 1200 mittitur,
1330 1129 1426 1189 cai
1453 1126 1746 1189 Hibernia
1785 1140 1904 1191 tota
1935 1131 2198 1205 credidit,
2247 1134 2348 1214 qui
2375 1153 2506 1192 eam

387 1236 582 1293 paene
625 1226 807 1276 totam
853 1217 1182 1297 baptizavit.

273 1299 370 1360 10.
402 1305 545 1363 Alia
568 1307 793 1365 leviora
817 1308 890 1365 de
913 1309 1134 1366 honore
1146 1304 1420 1367 Patricio
1444 1308 1647 1368 debito
1669 1306 2010 1385 (Bethaml.
2030 1331 2075 1368 c.
2092 1330 2149 1412 p.
2165 1310 2503 1387 XXXVI).

273 1390 368 1448 11.
410 1393 590 1467 ,,Α118
670 1416 860 1473 pauca
937 1397 1213 1456 serotinis
1293 1398 1658 1474 temporibus
1744 1400 1988 1457 inventa
2057 1400 2293 1475 suisque
2362 1400 2505 1458 locis

397 1483 730 1541 narranda“
785 1490 847 1542 et
899 1485 1030 1563 ipsa
1088 1486 1538 1562 annotationum
1593 1506 1756 1544 more
1803 1486 2136 1564 conscripta
2181 1508 2300 1546 non
2345 1489 2504 1548 vitae

396 1570 577 1646 idque
624 1573 844 1648 partim
877 1570 1205 1631 Hibernico
1252 1574 1472 1651 partim
1518 1575 1708 1633 latino
1757 1595 2024 1633 sermone
2056 1568 2336 1651 (Betham
2384 1578 2422 1635 1.
2456 1597 2503 1635 c.

393 1679 453 1735 p.
500 1658 1116 1720 XXXVI-XLIII
1164 1669 1226 1720 et
1271 1662 1581 1739 anglicane
1626 1663 1863 1721 reddita
1907 1664 1985 1721 ib.
2034 1685 2090 1741 p.
2127 1664 2504 1738 393-4123

396 1750 618 1822 majore
673 1747 985 1824 diligentia
1043 1757 1105 1808 et
1150 1750 1308 1808 edita
1356 1757 1417 1809 et
1460 1751 1523 1807 in
1570 1751 1971 1828 Anglicanum
2018 1772 2298 1811 conversa
2344 1753 2505 1830 apud

400 1833 632 1906 Stokes,
680 1833 988 1896 Goidelica
1036 1839 1125 1896 ed.
1184 1840 1241 1895 2.
1309 1839 1497 1897 1874.
1560 1860 1617 1916 p.
1666 1841 1749 1896 83
1798 1844 1971 1916 sqq.).
2064 1841 2231 1913 Quae
2277 1863 2312 1899 a
2359 1862 2501 1919 quo·

399 1941 534 1978 nam
582 1925 917 2001 conscripta
963 1922 1111 1997 sint,
1160 1927 1468 1999 nescimus,
1516 1947 1708 2003 neque
1755 1926 2165 1999 Tirechanum,
2212 1936 2281 1987 ut
2325 1931 2503 2005 vulgo

399 2016 671 2087 putatur,
736 2032 925 2089 neque
982 2012 1355 2072 Muirchuum
1402 2015 1642 2090 (Stokes
1694 2035 1753 2090 p.
1801 2015 1912 2091 84)
1971 2022 2270 2074 auctorem
2326 2018 2504 2075 fuisse

400 2099 540 2157 licet
585 2100 908 2173 affirmare,
971 2103 1073 2159 sed
1121 2102 1356 2178 quando
1403 2102 1732 2181 composita
1777 2103 1923 2176 sint,
1981 2124 2099 2161 non
2146 2105 2319 2178 latet,
2367 2126 2504 2163 nam

397 2188 638 2245 ineunte
700 2190 932 2247 saeculo
993 2196 1203 2248 octavo
1265 2191 1493 2267 priores
1553 2210 1673 2248 non
1735 2211 1861 2249 esse
1922 2193 2028 2250 has
2089 2190 2504 2252 annotationes

395 2275 858 2336 luculentissime
905 2280 1294 2355 comprobant
1338 2281 1579 2337 nomina
1611 2280 2038 2357 episcoporum,
2086 2280 2159 2339 de
2192 2282 2407 2358 quibus
2435 2282 2506 2340 fit

400 2365 622 2423 mentio
671 2367 767 2439 (cf.
816 2362 1032 2424 Stokes
1079 2388 1137 2444 p.
1185 2367 1315 2442 83).

444 2453 581 2528 (12)
655 2452 1009 2531 „Capitula“
1079 2455 1175 2514 vel
1245 2456 1696 2528 „annotationes
1759 2455 1945 2514 Aidi“
2017 2457 2297 2531 (Betham
2357 2459 2394 2518 l.
2455 2478 2503 2516 c.

262 2561 321 2617 p.
369 2539 598 2597 XLIII
645 2543 757 2618 sq.)
803 2543 922 2601 vid.
971 2562 1151 2619 supra
1197 2563 1303 2601 nro
1356 2545 1408 2601 1.

270 2629 367 2685 12.
400 2628 585 2686 Liber
614 2629 840 2706 Angeli
872 2631 1151 2705 (Betham
1198 2632 1234 2688 l.
1284 2652 1332 2689 c.
1374 2653 1432 2709 p.
1462 2631 1761 2690 XLIV—
1772 2630 2104 2708 XLVIII),
2154 2654 2327 2710 quem
2359 2633 2502 2693 Ske-

396 2717 544 2790 nius,
591 2738 722 2775 cum
771 2719 842 2777 de
890 2736 958 2777 eo
1004 2721 1187 2778 verba
1234 2740 1351 2777 non
1382 2721 1582 2791 faciat,
1628 2720 1788 2778 haud
1819 2721 1937 2779 scio
1972 2741 2048 2779 an
2080 2728 2309 2798 partem
2342 2720 2503 2781 vitae

397 2803 693 2863 Muirchui
749 2807 1124 2882 judicaverit.
1217 2806 1396 2866 Certo
1460 2808 1765 2882 cujusdam
1823 2808 1963 2865 libri
2022 2830 2161 2885 pars
2209 2819 2324 2881 est,
2386 2830 2502 2868 non

287 2912 292 2917 ·
396 2893 524 2970 ipse
570 2894 804 2969 integer
852 2894 1093 2971 quidam
1139 2895 1400 2966 libellus,
1459 2913 1651 2969 neque
1697 2895 1771 2952 de
1816 2895 2068 2953 Patricii
2113 2897 2239 2955 vita
2283 2898 2346 2954 in
2393 2899 2503 2955 hoc

396 2981 549 3039 libro
613 2983 928 3058 quicquam
983 2984 1139 3041 inest
1184 2983 1300 3040 nisi
1344 3002 1666 3053 sermones,
1729 3003 1877 3058 quos
1923 3003 2053 3041 cum
2101 2986 2312 3061 angelo
2360 3006 2501 3062 quo·

398 3069 534 3126 dam
580 3069 880 3128 Patricius
934 3070 1208 3129 habuisse
1265 3070 1486 3130 dicitur
1531 3077 1594 3129 et
1639 3071 1757 3129 alia
1803 3073 2116 3131 maximam
2164 3073 2225 3131 in
2271 3081 2503 3151 partem

397 3157 640 3216 leviora.

441 3246 536 3303 Ex
579 3246 671 3304 his
717 3246 788 3304 de
819 3245 1085 3306 Patricio
1128 3204 1480 3306 testimoniis
1513 3268 1597 3319 ea,
1647 3268 1799 3324 quae
1833 3248 1889 3320 5,
1941 3250 1996 3321 6,
2048 3251 2103 3321 7,
2153 3250 2209 3320 8,
2262 3248 2341 3308 10
2374 3252 2501 3310 loco

264 3334 596 3411 posuimus,
666 3334 751 3392 nil
818 3337 1104 3397 momenti
1163 3335 1417 3394 afferunt
1481 3355 1669 3411 eaque
1727 3336 1803 3393 de
1863 3356 2040 3395 causa
2100 3339 2501 3413 neglegentur.

264 3422 575 3482 Postrema
605 3429 803 3482 autem
838 3431 1093 3500 quatuor
1114 3424 1349 3482 illarum
1372 3418 1825 3482 annotationum
1848 3444 2031 3502 supra
2054 3426 2162 3483 sub
2188 3427 2226 3481 2
2253 3446 2500 3484 comme-

264 3518 628 3577 moratarum
674 3512 786 3570 etsi
817 3512 1148 3572 Patricium
1196 3513 1515 3589 aliquando
1547 3512 1774 3570 Romae
1821 3512 2003 3571 fuisse
2034 3513 2221 3586 docet,
2252 3548 2327 3558 —
2365 3534 2503 3573 nam

263 3599 347 3657 ibi
404 3599 805 3657 Feredachum
870 3602 1165 3676 quendam
1227 3622 1262 3658 a
1315 3600 1581 3658 Patricio
1641 3601 1704 3658 in
1767 3601 2137 3660 sacerdotum
2197 3622 2500 3662 numerum

263 3693 565 3763 receptum
613 3706 738 3745 esse
784 3695 990 3747 narrat
1044 3723 1117 3732 --
1167 3696 1366 3747 tamen
1414 3695 1475 3747 et
1519 3688 1677 3766 ipsa,
1741 3689 1881 3765 quia
1929 3690 2230 3748 obscurior
2276 3697 2380 3764 est,
2443 3699 2504 3752 et

263 3776 679 3834 antecedentes
724 3781 848 3833 tres
892 3777 1219 3835 levissimae
1265 3776 1473 3834 itidem
1518 3777 1922 3853 neglegendae
1962 3782 2115 3836 sunt.
2190 3781 2398 3856 Neque
2430 3781 2502 3837 de

264 3864 417 3921 libro
464 3863 686 3940 Angeli
745 3864 919 3941 plura
981 3857 1195 3930 dicam,
1258 3864 1397 3940 quia
1457 3865 1543 3921 nil
1608 3866 1888 3923 momenti
1948 3865 2123 3925 affert
2176 3868 2252 3925 ad
2298 3869 2501 3927 adum-

266 3952 553 4009 brandam
615 3951 867 4010 Patricii
928 3953 1128 4011 vitam.
1220 3951 1399 4011 Certo
1460 3973 1603 4011 vero
1666 3973 1784 4012 non
1844 3954 2120 4032 impedit,
2190 3954 2502 4032 quominus

264 4038 592 4098 Patricium
625 4039 853 4098 Romae
899 4040 1078 4099 fuisse
1120 4045 1410 4118 putemus,
1456 4060 1596 4098 nam
1626 4042 1803 4100 finxit
1832 4043 1927 4101 vel
1959 4044 2142 4102 refert
2170 4043 2502 4103 Patricium

266 4125 577 4187 decrevisse
623 4149 822 4188 omnes
850 4124 1075 4188 'causas
1120 4126 1424 4205 graviores
1469 4124 1553 4187 dd
1594 4127 1788 4189 sedem
1817 4127 2198 4208 apostolicam
2226 4130 2342 4193 esse‘
2371 4131 2499 4191 mit-

265 4214 468 4275 tendas
512 4215 550 4275 i.
583 4235 626 4274 c.
662 4216 745 4275 ad
774 4214 945 4275 Petri
967 4213 1220 4298 apostoli
1261 4214 1600 4277 cathedram
1644 4216 2042 4277 auctoritatem
2073 4216 2301 4278 Romae
2342 4218 2503 4279 urbis

245 4302 434 4385 finem
479 4298 565 4384 (?)
621 4304 900 4380 (Betham
946 4305 1043 4378 H,
1099 4326 1234 4383 app.
1279 4327 1337 4382 p.
1383 4304 1715 4382 XLVIH).
1806 4306 2021 4385 Itaque
2082 4308 2155 4366 de
2209 4308 2503 4367 Muirchui

265 4392 417 4465 vita,
465 4393 537 4451 de
583 4392 760 4452 dictis
804 4394 1083 4468 Patricii,
1145 4394 1218 4451 de
1265 4393 1582 4452 Tirechani
1630 4396 2141 4469 annotationibus,
2202 4397 2275 4455 de
2321 4418 2500 4456 anno·

2003 4496 2076 4550 3*
