3134 5034
1389 328 1863 386 —114—

512 503 800 581 originem
852 503 1014 562 illius
1068 504 1246 563 moris
1300 505 1686 583 repetendam
1729 526 1856 565 esse
1902 527 1938 564 a
1984 506 2298 579 Columba,
2367 507 2591 587 quippe
2638 510 2751 587 qui

513 613 742 652 morum
818 592 1163 670 integritate
1240 613 1514 671 magnam
1592 595 1754 675 apud
1827 593 2035 654 Gallos
2108 596 2224 654 sibi
2309 598 2742 676 comparaverit

512 681 929 741 auctoritatem
973 682 1073 757 (cf.
1118 680 1391 759 Loening
1435 682 1522 754 Π,
1567 705 1627 760 p.
1675 685 1803 742 472
1844 686 2016 761 sqq.).
2106 685 2320 745 Nonne
2363 686 2492 763 ipse
2536 694 2743 746 narrat

513 774 629 850 (ep.
679 771 737 843 5,
790 792 847 849 p.
896 772 978 829 32
1028 769 1111 847 G)
1173 772 1482 850 episcopos
1541 771 1825 832 simoniae
1887 781 1949 832 et
2006 774 2418 834 fornicationis
2477 795 2610 835 reos
2677 796 2745 835 se

510 860 704 939 ipsum
758 859 1144 932 consuluisse,
1211 866 1413 919 utrum
1473 861 1601 919 sine
1653 861 1920 939 periculo
1975 882 2215 922 munere
2269 864 2439 941 fungi
2482 872 2750 941 possent,

512 947 733 1008 necne?
799 948 1080 1007 Profecto
1125 949 1220 1008 his
1277 950 1656 1027 perspicuum
1702 958 1795 1011 est
1809 995 1823 1024 ,
1885 957 2112 1027 quanta
2172 953 2358 1012 fuerit
2417 952 2745 1013 Columbae

509 1037 849 1110 auctoritas,
892 1045 1095 1097 tamen
1132 1059 1206 1097 ne
1237 1038 1384 1097 haec
1414 1039 1652 1115 quidem
1696 1060 1789 1098 res
1834 1041 2039 1117 magni
2083 1042 2369 1099 momenti
2413 1050 2506 1101 est
2550 1043 2750 1114 nobis,

511 1127 667 1205 quia,
714 1127 818 1202 qui
862 1127 1059 1188 fuerat
1102 1126 1415 1187 Scotorum
1461 1148 1587 1187 mos
1631 1129 1911 1207 proprius
1922 1173 1938 1201 ,
1996 1130 2059 1188 111
2105 1131 2417 1190 universae
2465 1131 2748 1191 ecclesiae

507 1234 679 1275 usum
720 1222 992 1293 receptus
1037 1223 1145 1277 est.

579 1311 589 1318 ‘
686 1303 922 1381 Itaque,
967 1311 1037 1363 ut
1081 1325 1212 1364 cum
1255 1305 1441 1364 totius
1485 1311 1726 1365 nostrae
1770 1306 2197 1384 disputationis
2243 1316 2372 1368 tum
2416 1308 2589 1384 hujus
2633 1329 2741 1368 ex·

506 1400 731 1454 tremae
773 1393 963 1470 partis
1008 1414 1292 1452 summam
1338 1393 1640 1467 faciamus,
1682 1414 1807 1453 11011
1852 1396 1994 1455 licet
2037 1397 2125 1457 ita
2170 1397 2393 1456 sentire
2440 1397 2512 1455 de
2544 1397 2745 1457 scotis

508 1489 568 1543 et
613 1482 687 1541 de
733 1481 1018 1541 Columba
1061 1482 1451 1555 Luxoviensi,
1510 1489 1582 1542 ut
1635 1504 1730 1543 res
1787 1486 2119 1545 necessaria
2172 1485 2449 1545 videatur
2506 1493 2740 1547 contro·

507 1571 703 1631 versia
760 1570 919 1631 inter
971 1569 1181 1631 Scotos
1240 1571 1304 1630 in
1351 1570 1552 1631 Gallia
1607 1578 1670 1631 et
1714 1571 2039 1633 Germania
2099 1582 2404 1634 versantes
2448 1582 2513 1635 et
2552 1575 2732 1634 Boni-

504 1660 733 1733 fatium,
778 1660 1181 1719 Romanorum
1224 1660 1573 1738 pontificum
1617 1662 1899 1738 legatum.
1992 1662 2332 1724 Similitudo
2391 1664 2592 1742 potius
2646 1671 2735 1723 est

507 1749 828 1808 Columbae
891 1769 1020 1806 cum
1080 1748 1413 1821 Bonifatio,
1473 1748 1671 1809 Scotis
1729 1752 2251 1829 peregrinantibus
2313 1773 2443 1811 cum
2500 1753 2744 1830 Anglis.

503 1838 658 1898 Nam
701 1844 977 1915 uterque,
1026 1844 1087 1896 et
1131 1836 1421 1897 Columba
1477 1845 1541 1898 et
1585 1838 1924 1899 Bonifatius
1937 1884 1951 1913 ,
2022 1861 2130 1901 sua
2182 1840 2412 1900 ratione
2459 1835 2735 1902 ecclesiae

505 1925 850 1986 Gallicanae
895 1932 1117 1986 statum
1149 1926 1504 2000 emendavit,
1551 1934 1614 1986 et
1642 1928 1901 2006 utrique,
1948 1937 2010 1989 et
2040 1928 2208 1990 Scoti
2253 1937 2317 1990 et
2344 1929 2552 2008 Angli,
2583 1931 2747 1990 bene

503 2021 845 2074 meruerunt
911 2015 984 2073 de
1049 2015 1165 2074 fide
1235 2015 1561 2075 christiana
1620 2030 1657 2075 a
1722 2018 1975 2096 paganis
2029 2016 2389 2079 Germaniae
2454 2019 2748 2098 gentibus

502 2110 792 2181 suscepta.
2606 2167 2613 2175 ,

679 2193 815 2252 Non
861 2211 1061 2251 omnes
1107 2193 1265 2251 enim
1310 2191 1472 2252 Scoti
1518 2194 1972 2272 peregrinantes
2012 2196 2168 2255 sicut
2196 2196 2489 2256 Columba
2532 2217 2740 2257 conse-—

503 2281 719 2340 derunt
761 2281 956 2339 medio
1001 2281 1065 2339 in
1108 2283 1328 2359 populo
1375 2282 1698 2341 christiano
1711 2328 1725 2356 ,
1781 2284 1885 2343 sed
1930 2284 2093 2360 quod
2139 2285 2257 2362 ipsi
2302 2285 2620 2345 Columbae
2661 2285 2737 2344 in

503 2370 698 2428 animo
746 2370 939 2428 fuerat
969 2371 1068 2444 (cf.
1099 2391 1189 2448 ep.
1224 2371 1281 2443 3,
1327 2392 1385 2448 p.
1420 2372 1500 2428 27
1533 2371 1594 2430 D
1639 2392 1822 2450 supra
1865 2394 1923 2451 p.
1959 2374 2087 2450 91),
2132 2379 2202 2432 ut
2245 2376 2524 2451 gentibus
2553 2394 2736 2434 evan—

502 2459 720 2536 gelium
764 2458 1151 2537 praedicaret,
1199 2459 1263 2518 id
1306 2458 1498 2538 ipsum
1547 2459 1636 2521 St.
1684 2459 1924 2520 Gallum
1970 2469 2032 2521 et
2076 2463 2388 2522 Kilianum
2432 2463 2739 2542 peregisse

503 2554 753 2607 constat.
844 2547 967 2606 Eos
1011 2548 1080 2606 in'
1119 2548 1248 2625 ipso
1294 2550 1691 2625 praedicando
1736 2548 1955 2627 Anglis
2009 2551 2340 2611 simillimos
2384 2572 2504 2610 non
2548 2552 2737 2611 fuisse

503 2637 825 2695 absurdum
871 2642 961 2696 est
1005 2643 1236 2713 putare.
1312 2636 1604 2696 Attamen
1652 2657 1769 2696 non
1815 2638 2054 2699 omnino
2101 2640 2304 2700 eadem
2349 2638 2582 2699 ratione
2629 2659 2742 2699 eos-

500 2745 637 2785 usos
683 2744 808 2784 6336
853 2724 1078 2803 opinor.
1136 2725 1292 2785 Nam
1324 2745 1458 2785 cum
1486 2747 1597 2804 pro
1638 2735 1800 2787 certo
1848 2735 2094 2803 constet,
2142 2729 2302 2807 quod
2345 2728 2493 2788 satis
2522 2749 2737 2808 super·

503 2834 618 2892 que
665 2834 700 2871 e
741 2812 1040 2892 prioribus
1085 2822 1362 2893 apparet,
1419 2816 1653 2890 Scotos,
1715 2836 1848 2876 cum
1894 2838 1926 2876 e
1971 2818 2170 2896 patria
2231 2818 2621 2892 decedebant,
2667 2817 2735 2876 id

500 2903 874 2982 potissimum
942 2909 1262 2981 spectasse,
1339 2910 1410 2963 ut
1474 2906 1999 2984 peregrinarentur
2082 2914 2145 2965 et
2212 2907 2551 2966 exsularent
2615 2925 2735 2985 pro«

501 2992 759 3065 ChristO,
804 2991 950 3050 mihi
992 2992 1347 3069 persuadere
1392 3013 1511 3051 non
1555 3006 1791 3073 possum
1808 3039 1822 3068 ,
1879 3016 1977 3055 eos
2040 3016 2227 3073 aeque
2272 2992 2572 3056 sudmiose
2612 2991 2734 3054 ela·-

500 3079 731 3140 borasse
774 3079 837 3139 in
867 3079 1305 3159 praedicatione
1350 3080 1632 3162 evanyelii
1674 3084 1993 3160 (Bonifatii
2037 3105 2129 3163 ep.
2181 3086 2281 3143 66.
2341 3084 2387 3144 J
2389 3084 2522 3158 affe,
2566 3084 2736 3142 Bibl.

500 3189 614 3227 rer.
662 3168 862 3227 Germ.
908 3167 1029 3241 ΠΙ,
1074 3189 1135 3245 p.
1188 3169 1337 3245 185)
1384 3177 1565 3247 atque
1611 3172 1870 3249 Anglos,
1933 3175 2035 3251 qui
2081 3193 2151 3233 eo
2196 3173 2326 3251 ipso
2374 3174 2616 3233 consilio
2660 3174 2726 3230 in

501 3256 883 3317 Germaniam
943 3257 1287 3343 veniebant²
1349 3268 1421 3319 ut
1480 3261 1852 3337 evangelium
1909 3263 2339 3340 praedicarent.
2430 3260 2550 3321 Sed
2594 3282 2736 3321 cum-

498 3346 645 3406 haec
689 3367 819 3405 mea
865 3347 1160 3406 sententia
1204 3346 1445 3407 minime
1490 3356 1779 3425 congruat
1835 3369 1965 3408 cum
2010 3350 2111 3424 iis,
2173 3370 2325 3427 quae
2371 3351 2486 3411 viri
2537 3352 2731 3409 multo

501 3436 852 3495 eruditiores
899 3442 1077 3512 atque
1123 3436 1284 3495 docti
1328 3443 1639 3497 senserunt
1669 3444 1730 3498 et
1775 3457 1908 3497 cum
1951 3439 2063 3498 hoc
2109 3439 2240 3517 ipso
2286 3440 2413 3498 loco
2453 3438 2733 3517 pluribus

500 3525 855 3584 sententiam
910 3545 1096 3584 meam
1159 3528 1542 3604 comprobare
1602 3547 1722 3585 non
1776 3528 2021 3605 possim,
2081 3528 2199 3588 nisi
2258 3528 2467 3588 timido
2528 3527 2737 3587 animo·

498 3633 688 3690 pauca
733 3613 807 3673 (16
853 3614 962 3672 hac
1007 3634 1070 3672 re
1115 3633 1233 3672 non
1278 3614 1487 3675 dicam.

676 3701 1012 3761 Permultos
1058 3700 1268 3762 Scotos
1311 3702 1375 3761 in
1407 3701 1729 3763 Germania
1767 3709 1905 3763 ante
1935 3704 2304 3766 Bonifatium
2351 3705 2736 3783 evangelium

413 3837 416 3840 .
499 3790 869 3869 praedicasse
927 3790 1103 3867 vulgo
1162 3798 1427 3868 putatur.
1530 3791 1624 3852 At
1678 3792 1836 3852 unde
1895 3794 2116 3852 factum
2180 3799 2296 3865 est,
2356 3800 2428 3853 ut
2486 3794 2731 3853 nomina

502 3899 703 3938 eorum
749 3878 1042 3939 oblivione
1086 3898 1328 3955 prorsus
1374 3880 1591 3940 obruta
1635 3882 1755 3940 sint
1771 3880 1799 3938 Ρ
1867 3882 2079 3942 Nonne
2110 3882 2426 3942 verisimile
2472 3888 2579 3957 est,
2626 3900 2737 3940 eos-

499 3967 708 4027 Scotos
724 4013 739 4041 ,
804 3987 949 4044 quos
1009 3974 1146 4026 ante
1200 3966 1572 4028 Bonifatium
1630 3970 1693 4028 in
1740 3968 2096 4029 Germaniae
2154 3971 2429 4048 partibus
2488 3972 2582 4031 his
2622 3970 2733 4030 vel

499 4057 618 4115 illis
663 4063 928 4115 versatos
974 4076 1098 4114 esse
1144 4056 1325 4116 variis
1372 4057 1445 4115 de
1491 4058 1685 4118 causis
1729 4058 2065 4136 suspicari1.
2097 4060 2262 4134 licet,
2324 4060 2512 4137 magis
2556 4079 2735 4138 pere-

515 4273 524 4274 ἶ
646 4212 665 4252 1
703 4210 815 4264 Pro
855 4215 1009 4264 certo
1047 4212 1144 4264 vix
1195 4211 1495 4280 quicquam
1533 4217 1769 4278 constat,
1807 4231 1936 4267 nam
1975 4214 2204 4280 dubito,
2258 4231 2446 4268 annon
2495 4217 2728 4283 praeter

499 4282 583 4336 St.
622 4282 846 4335 Gallum
885 4286 943 4334 et
966 4280 1260 4336 Kilianum
1298 4288 1356 4336 et
1393 4285 1438 4336 si
1476 4284 1667 4353 placet
1697 4283 2033 4338 Ratherium
2066 4284 2378 4355 (Rettberg
2401 4284 2480 4349 Π,
2508 4302 2564 4354 p.
2591 4284 2733 4353 269)

498 4354 645 4406 ullus
685 4352 886 4406 Scotus
924 4353 1017 4422 vel
1054 4353 1171 4408 sine
1209 4354 1434 4408 nomine
1469 4356 1749 4409 nominari
1787 4356 1984 4424 possit.
2026 4388 2095 4396 —-
2131 4355 2221 4410 De
2256 4354 2507 4427 Virgilio
2546 4355 2588 4410 J
2591 4371 2737 4410 uva-v

494 4425 655 4478 vensi
695 4425 763 4493 (ἦ-
802 4424 931 4492 784)
970 4424 1160 4479 dicere
1197 4425 1270 4480 ad
1307 4443 1425 4480 rem
1462 4442 1575 4480 non
1611 4427 1880 4495 pertinet.
