3134 5034
1230 312 1717 369 -107—

347 492 668 553 abbatibus
715 496 776 550 et
822 491 1142 550 abbatissis
1173 490 1679 565 gubernabantur,
1725 497 1796 550 ut
1841 491 2028 549 abbas
2073 489 2189 550 toti
2235 490 2594 550 monasterio

346 587 649 660 praeesset
695 581 793 655 (cf.
824 579 1099 656 Loening
1128 579 1215 651 Π,
1262 600 1319 657 p.
1355 579 1478 638 431
1515 586 1641 640 not.
1676 582 1714 638 2
1764 586 1825 639 et
1870 579 1975 639 vit.
2023 579 2352 651 Bercharii,
2405 579 2485 637 14
2532 586 2595 638 et

353 672 434 729 18
480 670 639 729 Mab.
671 667 757 740 ΙΙ,
804 688 941 726 ann.
975 669 1121 741 685,
1169 687 1226 745 p.
1260 668 1388 727 840
1421 674 1485 727 et
1514 670 1689 745 842).
1781 667 1900 727 Sed
1944 674 2264 744 utcumque
2310 668 2456 726 haec
2499 687 2596 727 res

348 781 411 821 se
454 759 653 831 habet,
699 757 1089 836 potissimum.
1119 763 1235 828 est,
1299 756 1459 834 quod
1503 757 1866 817 monasteria
1910 757 2170 835 duplicia
2218 756 2438 816 saeculi
2484 755 2594 828 VI,

349 848 497 920 VII,
544 844 729 907 VIIIi
786 847 1153 924 temporibus
1199 846 1420 924 passim
1466 846 1872 923 reperiuntur,
1928 845 2108 905 etiam
2155 845 2317 923 apud
2360 844 2597 922 Anglos

351 937 619 1013 (Rudolf‚
666 936 772 995 vit.
817 934 1046 994 Liobae
1103 937 1154 994 l.
1200 935 1360 994 Mab.
1406 934 1529 1006 ΙΙΙ,
1566 935 1603 992 2
1653 955 1788 994 ann.
1840 936 1986 1007 772,
2033 957 2091 1013 p.
2126 935 2252 993 246
2287 936 2417 1010 sq.).

530 1025 692 1099 Quid
758 1025 999 1084 tandem
1061 1023 1371 1084 Scotorum
1435 1024 1789 1103 proprium?
1857 1023 2112 1083 Frustra
2180 1022 2596 1100 quaesivimus,

354 1114 551 1192 quoad
596 1113 929 1190 generatim
975 1118 1158 1190 atque
1216 1112 1493 1172 universe
1552 1112 1809 1172 diximus
1869 1112 1943 1171 de
1988 1112 2116 1171 vita
2161 1112 2597 1183 monachorum,

352 1224 490 1262 nam
522 1202 652 1263 vita
684 1202 1046 1274 monachica,
1093 1202 1144 1261 si
1175 1201 1483 1261 elementis
1526 1201 1910 1277 judicandum
1958 1208 2066 1274 est,
2110 1221 2205 1260 res
2253 1207 2344 1260 est
2388 1200 2600 1259 similis

352 1292 573 1368 ubique
635 1298 699 1351 et
758 1291 964 1350 eadem
1010 1310 1259 1368 semper.
1347 1288 1656 1351 Interiora
1715 1296 1913 1351 autem
1974 1289 2216 1349 vivendi
2279 1295 2598 1367 praecepta

352 1380 521 1441 varia
567 1380 631 1439 in
677 1379 924 1440 ecclesia
971 1399 1294 1456 numquam
1340 1383 1466 1439 non‘
1508 1385 1696 1438 erant.
1757 1414 1845 1427 —
1906 1380 2127 1439 Multas
2181 1399 2250 1437 ac
2294 1377 2490 1438 varias
2535 1378 2600 1435 in

353 1469 743 1528 orientalibus
804 1467 1081 1529 ecclesiae
1141 1468 1413 1546 partibus
1474 1473 1615 1527 ante
1676 1467 2029 1528 Columbam
2090 1474 2152 1527 et
2208 1466 2600 1526 Benedictum

354 1558 652 1618 exstitisse
697 1559 936 1635 regulas
979 1556 1138 1616 inter
1183 1576 1386 1617 omnes
1441 1563 1682 1616 ‘constat
1734 1577 1928 1635 neque
1989 1557 2183 1615 minus
2240 1563 2449 1615 notum
2509 1562 2601 1615 est

352 1648 416 1707 in
461 1647 724 1707 occiduis
779 1647 1059 1707 ecclesiae
1119 1646 1463 1722 regionibus
1523 1645 1841 1706 monachos
1902 1647 2194 1706 elementa
2251 1644 2600 1722 disciplinae

354 1737 431 1795 ab
478 1736 598 1795 illis
644 1755 771 1795 esse
816 1741 1136 1808 mutuatos,
1182 1735 1477 1794 communi
1522 1738 1723 1795 autem
1779 1735 2145 1795 accuratiore
2198 1733 2602 1794 instituendae

355 1825 514 1885 vitae
560 1845 767 1884 norma
800 1843 1042 1903 prorsus
1074 1823 1349 1885 caruisse.
1409 1823 1547 1883 Etsi
1593 1825 1751 1883 enim
1798 1824 1861 1883 in
1907 1822 2109 1883 Gallia
2139 1857 2227 1869 -
2256 1830 2326 1882 ut
2372 1829 2602 1882 taceam

355 1913 429 1974 de
460 1913 593 1974 aliis
624 1914 969 1990 regionibus
1007 1948 1082 1958 —
1120 1918 1354 1973 constat
1383 1913 1564 1972 fuisse
1612 1912 1985 1985 monasteria,
2031 1932 2283 1988 quorum
2329 1910 2603 1971 monachi

356 2008 518 2062 certa
564 2023 634 2062 ac
679 2002 928 2063 definita
971 2001 1214 2062 vivendi
1257 2009 1467 2061 norma
1512 2021 1699 2078 eaque
1746 2001 2013 2063 Caesarii
2055 2000 2429 2061 Arelatensis
2473 2005 2602 2058 ute·

355 2090 577 2150 bantur
622 2091 970 2170 (Rettberg
991 2091 1084 2164 Π,
1124 2112 1182 2168 p.
1215 2092 1399 2167 678),
1462 2091 1578 2150 etsi
1635 2091 1701 2148 in
1746 2091 2047 2150 nonnullis
2091 2088 2468 2150 monasteriis
2512 2085 2600 2147 in-

357 2178 553 2244 stituta
606 2178 680 2239 de
722 2178 1133 2261 informatione
1176 2177 1432 2240 coenobii
1473 2187 1792 2240 occurrunt
1838 2177 2086 2255 (Arndt,
2130 2178 2352 2238 Kleine
2396 2177 2601 2236 Denk-

356 2269 545 2328 miiler
589 2288 708 2328 aus·
741 2269 848 2330 der
890 2268 1434 2346 Merowingerzeit,
1480 2291 1540 2347 p.
1582 2269 1623 2327 4
1655 2271 1768 2346 sq.)
1815 2275 2015 2329 tamen
2059 2271 2250 2344 major
2292 2286 2433 2346 pars
2478 2285 2602 2325 mo-

357 2357 752 2416 nasteriorum
799 2359 910 2418 sub
955 2357 1219 2434 regulari
1263 2357 1582 2436 disciplina
1626 2378 1748 2417 non
1794 2364 1924 2417 erat
1969 2360 2066 2435 (cf.
2097 2357 2332 2429 Hertel,
2378 2377 2437 2433 p.
2471 2356 2600 2414 440

360 2452 421 2504 et
466 2444 573 2504 vit.
619 2444 997 2522 Wandregis.
1032 2447 1068 2503 9
1103 2453 1165 2505 et
1189 2448 1299 2519 10,
1345 2465 1403 2524 p.
1438 2448 1586 2519 528,
1632 2447 1824 2507 Jonas
1854 2446 1961 2507 vit.
1992 2445 2190 2506 Attal.
2229 2446 2283 2518 1,
2328 2444 2603 2517 Mau-11,

359 2553 496 2594 ann.
530 2534 690 2606 627,
709 2554 768 2612 p.
806 2535 834 2592 1
848 2535 976 2611 23),
1023 2556 1096 2593 ex
1139 2535 1425 2595 abbatum
1454 2537 1655 2613 potius
1685 2537 1995 2596 voluntate
2040 2534 2358 2612 pendebat,
2403 2537 2604 2593 utrum

337 2622 632 2682 -monachi
677 2643 714 2682 a
757 2622 919 2683 vitae
964 2623 1197 2683 ratione
1243 2644 1364 2684 non
1417 2625 1790 2684 discederent
1843 2645 1922 2683 an
1976 2624 2283 2683 dissolute·
2315 2623 2607 2697 viverent,

259 2763 266 2768 .
360 2710 701 2790 saepissime
732 2731 925 2788 neque
964 2712 1029 2772 in
1068 2713 1356 2774 abbatum
1401 2718 1700 2791 potestate
1745 2720 1881 2774 erat.
1906 2712 2241 2772 monachos
2284 2713 2348 2771 in
2395 2710 2607 2771 officiis

360 2800 674 2861 continere.
752 2799 979 2861 Contra
1024 2801 1086 2858 in
1132 2800 1504 2860 monasteriis
1550 2822 1589 2883 a
1620 2801 1912 2861 Columba
1957 2805 2204 2878 ejusque
2249 2801 2424 2860 sociis
2469 2821 2605 2861 con-

360 2889 504 2950 ditis
561 2889 849 2967 optimam
886 2889 1239 2950 invenimus
1299 2888 1694 2966 disciplinam.
1798 2889 1899 2948 In¹
1932 2889 2043 2949 hoc
2112 2909 2254 2965 ergo
2323 2889 2607 2949 simillimi

362 2983 503 3037 sunt
547 2977 708 3038 inter
753 2999 814 3038 se
862 2976 1152 3038 Columba
1197 2983 1260 3038 et
1302 2977 1670 3038 Benedictus
1713 2977 2102 3053 Oassinensis,
2150 2977 2309 3056 quod
2353 2983 2607 3054 uterque

360 3066 635 3126 licentiae
665 3067 1086 3128 monachorum
1118 3066 1391 3127 arctioris
1420 3066 1769 3145 disciplinae
1806 3069 2004 3127 frenos
2049 3066 2330 3127 adhibere
2362 3067 2607 3128 studuit.

363 3154 673 3229 Quomodo
720 3156 882 3215 inter
926 3175 989 3215 se
1035 3154 1315 3216 differant
1346 3155 1639 3215 Columba
1680 3163 1742 3215 et
1771 3155 2152 3230 Benedictus,
2198 3161 2327 3215 tum
2371 3155 2608 3215 demum

365 3264 783 3322 cognoscemus
800 3289 814 3317 ,
861 3245 913 3304 si
958 3245 1137 3321 hujus
1181 3246 1454 3323 regulam
1495 3252 1629 3306 cu'm
1673 3245 1833 3305 illius
1879 3245 2429 3324 comparaverimus.

543 3332 665 3392 Sed
711 3352 868 3411 quae
901 3340 1016 3394 ·est
1062 3333 1390 3394 Columbae
1446 3335 1711 3413 regula?
1763 3335 1952 3394 Estne
2012 3334 2141 3406 illa,
2201 3353 2354 3409 quae
2415 3339 2611 3392 exstat

364 3422 526 3505 apud
552 3422 930 3501 Flemingum
960 3444 1021 3501 p.
1047 3424 1231 3484 .4-8
1264 3430 1325 3482 et
1355 3422 1419 3481 in
1448 3423 1825 3483 Bibliotheca
1854 3423 2113 3482 maxima
2141 3421 2296 3494 XII,
2328 3442 2384 3499 p.
2419 3419 2610 3494 3-5‚

364 3511 466 3589 pia
514 3511 586 3570 de
631 3513 1053 3573 monachorum
1100 3511 1332 3572 officiis.
1358 3511 1797 3584 commentatio,
1843 3511 1908 3570 in
1955 3530 2073 3587 qua
2118 3538 2207 3555 ·-
2253 3510 2466 3569 omisso
2514 3530 2610 3569 ca·

365 3599 490 3678 pite
537 3600 789 3677 septimo
838 3601 999 3677 quod
1043 3607 1198 3661 teste
1246 3603 1374 3676 jam
1420 3600 1609 3679 ipsius
1664 3600 1878 3677 capitis
1931 3600 2175 3659 'exordio
2231 3597 2348 3671 „de
2401 3596 2616 3678 synaxi

333 3696 580 3768 ‚ev-90⁴⁶
626 3688 866 3748 aliunde
911 3697 1216 3767 receptum
1263 3695 1354 3749 est
1398 3687 1678 3763 (Schoell‚
1724 3710 1781 3767 p.
1816 3689 1918 3761 59,
1963 3688 2238 3765 Loening
2268 3686 2356 3761 H,
2386 3710 2447 3767 p.
2480 3689 2605 3746 431

364 3783 489 3838 not.
537 3777 604 3853 4)
651 3797 843 3855 neque
887 3778 1196 3838 invenitur
1238 3778 1302 3835 in
1347 3778 1541 3837 tribus
1589 3777 1891 3837 codicibus
1936 3777 2255 3854 (Fleming,
2302 3783 2503 3836 annot.
2549 3777 2613 3835 in

367 3887 415 3926 c.
463 3865 610 3938 VII,
658 3887 716 3944 p.
755 3866 862 3943 15)
914 3901 989 3911 —
1041 3867 1129 3926 nil
1176 3866 1346 3938 inest,
1392 3867 1553 3943 quod
1598 3867 1839 3945 regulae
1886 3867 2141 3945 speciem
2185 3866 2488 3944 praebeat,
2535 3886 2614 3924 an

337 3955 781 4033 -conjungenda
840 3962 931 4015 est
1000 3963 1131 4015 cum
1201 3975 1272 4015 ea
1341 3956 1530 4015 altera
1597 3957 1704 4015 illa
1769 3953 1974 4036 requla
2041 3951 2385 4015 coenobialis
2453 3953 2615 4032 apud

368 4043 746 4123 Flemingum
791 4064 848 4121 p.
889 4045 1147 4102 19-24
1193 4050 1256 4103 et
1301 4043 1461 4103 Bibl.
1507 4065 1646 4104 max
1691 4044 1846 4116 XII,
1892 4066 1952 4122 p.
2001 4046 2037 4102 6
2071 4064 2199 4120 sqq.
2247 4049 2308 4101 et
2353 4043 2416 4101 in
2462 4042 2612 4102 Hol-

369 4132 548 4192 stenii
594 4132 721 4193 cod.
749 4134 951 4209 regul.
998 4139 1139 4195 tom.
1185 4132 1273 4206 II,
1320 4154 1378 4210 p.
1417 4133 1544 4191 164
1575 4154 1704 4210 sqq.
1750 4133 1913 4211 typis
1971 4133 2280 4210 impressa,
2343 4151 2495 4208 quae
2541 4129 2615 4191 de

370 4218 676 4282 cotidianis
729 4219 1090 4303 poenitentiis
1146 4217 1570 4281 monachorum
1626 4223 1877 4298 loquens
1936 4228 2061 4280 tam
2122 4241 2336 4298 graves
2394 4240 2616 4297 poenas

371 4310 706 4384 constituit,
774 4318 844 4371 ut
904 4332 1034 4372 eam
1092 4331 1302 4370 revera
1359 4311 1627 4387 regulam
1691 4330 1938 4387 eamque
1998 4309 2427 4370 severissimam
2489 4328 2615 4367 esse

371 4419 543 4459 nemo
589 4419 808 4478 negare
853 4399 1083 4478 possit?
1138 4399 1451 4460 Ebrardus
1495 4401 1578 4477 (p.
1632 4399 1754 4458 147
1790 4401 1945 4476 sqq.)
1989 4403 2213 4474 rejecta
2256 4399 2366 4458 hac
2411 4399 2618 4475 regula
