3134 5034
1413 324 1809 389 ...2.-

481 505 693 594 fatius.
786 504 950 572 Eone
992 508 1461 571 kerkhistoodscke
1506 509 1729 571 Studia
1822 507 2204 571 Amsterdam
2254 514 2420 582 1869,
2466 514 2569 588 70)
2628 510 2744 570 nisi

497 604 560 661 in
606 624 727 662 una
773 602 1155 661 annotatione
1202 602 1313 677 (Π,
1346 624 1404 680 p.
1440 602 1566 659 352
1601 603 1755 678 sqq.)
1802 601 1874 659 de
1920 601 2196 659 Ebrardo
2243 603 2425 660 verba
2483 621 2606 659 non
2658 602 2743 659 fe-

498 692 666 759 cerit,
758 691 878 750 Sed
924 691 1133 767 negari
1179 711 1299 749 non
1344 697 1545 768 potest
1591 690 1785 767 ipsum
1816 690 2163 748 Muellerum
2209 690 2270 749 in
2317 690 2408 763 iis,
2458 710 2608 768 quae
2653 691 2742 748 ni·

496 802 597 840 sus
642 781 996 856 Rettbergio
1043 780 1116 837 de
1163 779 1480 838 Britonum
1527 779 1960 856 Scotorumque
2008 779 2255 837 ecclesia
2301 779 2556 856 scripsit,
2604 779 2748 838 novi
2756 794 2760 798 ’

499 870 816 946 quicquam
849 889 966 928 non
1000 868 1287 927 attulisse.
1379 868 1514 926 Hoc
1546 868 1739 926 minus
1785 868 2156 945 probandum
2204 874 2309 941 est,
2358 868 2460 926 sed
2507 868 2743 927 silentio

496 958 825 1036 praeterire
854 957 1116 1016 Ebrardi
1163 957 1445 1035 figmenta
1489 957 1778 1015 Muellero
1824 963 2035 1035 utpote
2083 963 2344 1030 extern0,
2392 957 2627 1019 licuisse
2673 955 2742 1014 li-

496 1048 710 1105 benter
756 1046 1069 1119 confiteor3
1128 1067 1197 1105 eo
1242 1046 1433 1123 magis
1481 1046 1758 1104 Werneri
1802 1047 2013 1104 fuisset
2058 1046 2119 1104 in
2166 1066 2270 1104 suo
2318 1046 2392 1104 de
2440 1045 2742 1107 Bonifatio

494 1136 648 1194 libro
696 1132 1093 1215 (Bonffaciue,
1139 1135 1247 1194 der
1290 1130 1538 1214 Apostel
1584 1134 1690 1193 der
1734 1130 2067 1195 Deutschen
2079 1178 2097 1206 ,
2144 1133 2270 1194 und
2314 1130 2409 1193 die
2454 1131 2740 1194 Romani-

495 1222 699 1304 simny
759 1244 870 1284 von
931 1219 1357 1304 Mitteleuropa.
1424 1226 1600 1300 1875)
1646 1224 1908 1282 Ebrardi
1967 1224 2326 1282 sententiam
2384 1223 2740 1283 examinare.

496 1312 614 1371 Sed
677 1333 1013 1389 quanquam
1086 1313 1150 1370 in
1210 1313 1581 1390 praefatione
1642 1333 1772 1371 eam
1834 1312 2158 1388 quaerendi
2231 1312 2556 1385 rationem,
2627 1332 2743 1388 qua

494 1401 802 1461 Ebrardus
835 1401 1190 1476 conjecturis
1222 1402 1398 1460 nimis
1430 1401 1685 1461 confisus
1730 1421 1872 1460 usus
1919 1409 2025 1475 est,
2074 1402 2389 1474 recusavit,
2434 1407 2635 1460 tamen
2680 1401 2741 1458 in

495 1490 586 1562 iis,
635 1511 786 1567 quae
806 1502 811 1509 '
833 1499 1179 1567 sequuntur,
1221 1493 1386 1565 justo
1432 1491 1566 1568 plus
1596 1491 1871 1549 Ebrardo
1903 1490 2080 1550 fidem
2109 1491 2322 1550 habuit
2351 1508 2539 1567 eoque
2569 1491 2741 1551 modo.

495 1579 658 1637 illius
691 1585 1023 1638 commenta
1068 1580 1132 1637 in
1179 1579 1696 1658 ipsam-Bonifatii
1725 1580 2035 1640 historiam
2082 1580 2434 1639 introduxit.
2524 1579 2742 1654 Itaque

493 1668 767 1746 inprimis
813 1668 930 1746 ipsi
977 1668 1265 1728 Wernero
1313 1669 1544 1727 crimini
1590 1668 1850 1727 dandum
1896 1676 2016 1743 est,
2080 1670 2239 1747 quod
2285 1669 2436 1728 falsa
2481 1667 2742 1726 Ebrardi

495 1757 567 1814 de
616 1756 926 1817 Scotorum
973 1757 1410 1834 Britonumque
1458 1758 1703 1816 ecclesia
1760 1758 1961 1835 opinio
2022 1759 2142 1817 late
2199 1762 2324 1834 jam
2370 1756 2742 1827 diffunditur,

497 1863 689 1922 neque
735 1846 1023 1905 silendum
1073 1853 1164 1909 est
1209 1847 1388 1905 etiam
1421 1847 1795 1920 Wernerum,
1843 1848 2064 1925 partim
2112 1849 2189 1906 ab
2219 1846 2494 1906 Ebrardo
2540 1846 2603 1902 in
2652 1865 2738 1902 er-

494 1955 688 1993 rorem
748 1934 1053 1993 inductum
1116 1936 1336 2014 partim
1387 1939 1553 2011 justa
1615 1936 1676 1994 in
1732 1941 1969 1995 nostrae
2026 1937 2243 1996 aetatis
2290 1934 2607 1995 catholicos
2653 1934 2742 1991 ira

493 2023 806 2082 incitatum
855 2024 928 2082 de
974 2024 1279 2084 Bonifatio
1327 2046 1399 2084 ex
1444 2045 1633 2101 aequo
1681 2046 1798 2085 non
1838 2026 2153 2101 judicasse.
2246 2024 2419 2099 Quod
2452 2044 2520 2082 eo
2554 2022 2741 2099 magis

491 2112 811 2189 lugendum
873 2120 993 2186 est,
1058 2134 1174 2190 quo
1234 2115 1436 2192 plures
1492 2115 1716 2173 assensi
1761 2121 1900 2175 sunt
1943 2114 2103 2172 illius
2149 2113 2493 2173 sententiae.
2584 2111 2743 2189 Ipsis

494 2202 651 2258 enim
697 2201 841 2259 viris
885 2201 1255 2275 doctissimis,
1304 2203 1407 2279 qui
1453 2203 1754 2261 volumina
1799 2203 1928 2274 illa,
1976 2221 2126 2277 quae
2171 2200 2577 2260 inscribuntur
2623 2196 2739 2257 Re-

493 2286 961 2368 alencyclopc'idie
1004 2288 1119 2370 fi‘zr
1160 2286 1639 2370 protestantische
1701 2286 2007 2369 Theoloyie
2066 2288 2193 2350 und
2235 2284 2462 2349 Kirche
2521 2289 2741 2346 iterum

495 2378 722 2436 edenda
770 2385 1004 2451 curant,
1054 2379 1330 2437 Werneri
1386 2379 1458 2436 de
1505 2378 1812 2438 Bonifatio
1851 2378 2142 2454 judicium
2190 2379 2436 2455 dignum
2482 2397 2609 2436 esse
2655 2376 2740 2437 vi-

495 2460 624 2527 sum
673 2473 779 2539 est,
830 2467 988 2544 quod
1034 2467 1462 2544 divulgaretur.
2257 2472 2260 2475 ‘

672 2556 837 2629 Quae
895 2577 1024 2614 cum
1087 2557 1175 2617 ita
1230 2562 1454 2628 essent,
1518 2556 1943 2615 examinandae
1988 2556 2250 2615 Ebrardi
2307 2557 2379 2615 de
2425 2556 2740 2615 Britonum

492 2643 921 2721 Scotorumque
998 2645 1244 2704 ecclesia
1313 2645 1647 2704 sententiae
1717 2646 2013 2719 laborem,
2092 2667 2264 2723 quem
2326 2666 2435 2704 nec
2492 2645 2742 2703 Bussius

493 2728 1189 2815 (Winfoid-Bovnfacius
1235 2733 1322 2793 ed.
1370 2755 1421 2792 v.
1454 2730 1718 2793 Scherer.
1770 2737 1944 2812 1880)
1992 2756 2100 2794 nec
2156 2735 2472 2794 Fischerus
2527 2731 2740 2810 (Boni-

474 2819 684 2902 fatius.
721 2824 888 2898 1881)
920 2843 1090 2880 suum
1131 2823 1567 2898 judicaverunt,
1612 2823 1758 2882 mihi
1802 2825 2173 2883 subeundum
2219 2844 2346 2884 esse
2390 2823 2627 2902 putavi3
2675 2841 2743 2879 ac

494 2909 729 2988 quidem
776 2931 895 2970 non
942 2911 1053 2984 ita,
1103 2919 1171 2972 ut
1217 2911 1519 2971 Oeltorum
1571 2912 1848 2972 ecclesiae
1893 2914 2204 2974 historiam
2251 2933 2447 2973 rerum
2491 2912 2739 2989 scripto·

491 3019 623 3057 rum
670 3020 831 3058 more
877 3020 1220 3077 prosequar,
1270 3000 1374 3059 sed
1419 3003 1506 3060 ita
1551 3002 1908 3080 disputabo,
1956 3009 2026 3062 ut
2072 3002 2514 3061 adumbrandae
2561 2999 2741 3058 Boni-

490 3087 624 3146 fatii
654 3087 936 3146 historiae
966 3089 1284 3148 inserviam
1316 3089 1611 3148 diluendis
1650 3091 1724 3150 iis
1770 3092 2018 3164 fictitiis,
2068 3112 2218 3168 quae
2258 3090 2364 3162 illi,
2411 3090 2505 3146 cui
2534 3095 2739 3147 nostra

494 3196 639 3252 gens
686 3196 1007 3252 cognomen
1055 3177 1338 3238 attribuit
1382 3180 1651 3256 apostolo
1685 3178 2060 3251 Germaniae,
2106 3179 2378 3236 umbram
2424 3177 2665 3235 faciunt.

668 3263 885 3342 Itaque
934 3285 1064 3324 cum
1112 3286 1261 3343 opus
1309 3268 1689 3345 aggrederer,
1752 3288 1928 3344 aegre
1974 3266 2117 3338 tuli,
2180 3265 2339 3341 quod
2384 3284 2503 3322 non
2550 3265 2737 3322 solum

491 3352 652 3430 apud
693 3374 801 3412 nos
833 3352 1162 3413 Germanos
1207 3376 1344 3414 raro
1390 3357 1463 3414 de
1494 3357 1815 3415 Britonum
1850 3356 2278 3430 Scotorumque
2327 3353 2571 3412 ecclesia
2597 3353 2738 3421 ,dis-

493 3448 770 3519 putatum
818 3447 940 3514 est,
989 3443 1090 3501 sed
1137 3443 1317 3503 etiam
1364 3445 1522 3521 quod
1576 3479 1651 3489 —
1706 3444 1850 3520 quid
1897 3443 2107 3501 mirum
2126 3441 2154 3498 ⁸?
2208 3476 2283 3486 —
2333 3442 2395 3515 ii,
2444 3442 2546 3518 qui
2595 3441 2740 3500 alibi

491 3537 761 3603 exstant,
816 3530 958 3589 libri
1016 3531 1080 3589 in
1143 3534 1498 3593 nostratium
1555 3532 1934 3607 ignoratione
1989 3535 2321 3590 versantur.
2410 3530 2566 3591 Nam
2612 3530 2738 3607 ipse

489 3618 713 3677 Hasius
761 3614 1376 3701 (Kirclaenyeschichte.
1427 3623 1512 3679 10.
1555 3617 1713 3701 Aufl.
1765 3622 1913 3678 1877
1963 3620 1999 3696 ξ
2050 3620 2186 3696 134)
2233 3619 2522 3678 librorum
2569 3622 2737 3679 obso-

490 3707 744 3765 letorum
779 3714 839 3767 et
869 3708 1169 3767 inutilium
1200 3710 1398 3785 plures
1444 3713 1773 3780 enumerat,
1822 3728 1998 3784 quam
2045 3709 2456 3768 recentiorum.
2549 3709 2738 3768 Obso-

490 3796 676 3854 letum
724 3802 845 3866 est,
893 3796 1052 3872 quod
1097 3797 1470 3868 Muenterus,
1518 3797 1612 3855 vir
1658 3795 2056 3870 doctissimus,
2104 3797 2178 3855 de
2223 3805 2491 3858 veterum
2537 3797 2738 3856 Brito·

490 3905 630 3943 num
678 3884 923 3943 ecclesia
971 3885 1247 3943 disseruit
1293 3886 1356 3943 in
1412 3880 1610 3944 leeol.
1656 3882 1827 3944 Stud.
1871 3906 1930 3944 u.
1963 3880 2124 3946 Krit.
2160 3889 2330 3958 1833,
2378 3886 2633 3945 obsoleti
2678 3892 2739 3944 et

489 3972 799 4048 Lingardi,
834 3973 1146 4050 Lanigani‚
1180 3973 1511 4032 Schroedlii
1543 3974 1686 4032 libri
1717 3974 1909 4049 (Hase
1939 3975 1977 4031 l.
2011 3978 2102 4052 c.),
2149 3974 2381 4034 inutilis
2413 3981 2612 4033 autem
2643 3981 2736 4033 est

490 4062 741 4133 libellus,
790 4081 964 4138 quem
1012 4060 1336 4134 Greithius,
1384 4062 1697 4140 episcopus
1744 4061 2164 4139 Sangallensis,
2211 4064 2284 4122 de
2331 4062 2580 4140 antiqua
2624 4063 2736 4121 Hi-

491 4151 807 4208 bernorum
866 4150 1111 4208 ecclesia
1167 4151 1500 4229 composuit
1560 4145 1923 4227 (Geschichte
1968 4150 2074 4211 der
2118 4147 2449 4211 altin'schen
2493 4147 2734 4211 Kirclze.

492 4234 784 4319 Freiburq
819 4241 1015 4316 1867).
1109 4238 1227 4299 Sed
1258 4260 1484 4298 summa
1516 4240 1692 4299 laude
1724 4239 2016 4299 efferenda
2063 4247 2169 4313 est,
2218 4260 2395 4317 quam
2425 4239 2736 4299 Ebrardus

492 4348 608 4386 non
634 4328 797 4404 legit,
832 4326 1110 4385 Schoellii
1140 4327 1213 4387 de
1235 4325 1644 4388 ecclesiasticae
1666 4325 1987 4389 Britonum
2018 4327 2436 4410 Scotoruquae
2464 4326 2737 4388 Izi-stoma

475 4413 746 4497 fontibus
791 4415 1129 4476 dissertatio
1179 4417 1470 4493 (Berolini
1516 4425 1577 4475 et
1621 4418 1899 4477 Londiui-.
1952 4416 2155 4496 1851)
2202 4437 2417 4494 eaque,
2466 4416 2735 4493 quamvis
