3134 5034
1493 256 1934 315 ...63-

596 434 822 495 dietum
866 469 956 486 -·-·-.
1001 435 1177 493 unius
1224 434 1552 493 Columbae
1596 432 2019 505 Luxoviensie,
2079 435 2249 509 cujus
2309 431 2563 510 scripta
2615 433 2899 491 omnium

593 524 906 585 Scotorum
952 523 1216 601 exceptis
1261 522 1515 584 Patricii
1559 521 1976 599 antiquissima
2021 529 2188 596 sunt,
2244 521 2318 580 de
2363 521 2511 581 vita
2565 521 2899 581 eremitica

591 614 779 686 dicta,
833 632 997 690 quae
1041 612 1200 669 infra
1245 611 1885 684 commemorabuntur,
1946 610 2161 670 idonea
2222 616 2385 683 sunt,
2442 629 2623 687 quae
2676 609 2897 670 Skenii

594 702 935 781 opinionem
981 701 1236 759 diluant.
1309 698 1606 776 Equidem
1652 699 1817 758 aliud
1855 699 2037 759 fuisse
2065 704 2295 758 sextum
2328 699 2510 758 aliud
2545 699 2894 777 septimum

592 791 871 851 ecclesiae
913 788 1232 848 Scotorum
1273 788 1573 848 saeculum
1616 788 1935 847 concedere
1981 807 2101 846 non
2145 807 2402 867 possum,
2458 794 2648 848 oerte
2700 788 2895 846 eccle·

595 879 872 952 siastioae
903 877 1218 937 Scotorum
1261 877 1545 938 historiae
1590 878 1787 936 fontes
1833 877 1984 938 tales
2029 897 2148 938 non
2193 883 2351 952 sunt,
2394 884 2474 936 ut
2528 896 2655 936 nos
2687 875 2893 936 adhuc

594 968 772 1026 hodie
834 966 956 1028 duo
1010 967 1118 1025 iu».
1175 967 1412 1026 saecula
1466 965 1803 1025 discernere
1855 965 2164 1044 possimus.
2254 966 2423 1042 Ergo
2475 965 2563 1024 de
2616 971 2893 1042 utroque

592 1056 828 1116 saeculo
886 1054 1097 1115 iisdem
1155 1055 1355 1114 verbis
1415 1054 1730 1118 dicendum
1791 1061 1884 1113 est
1940 1075 2133 1131 neque
2179 1074 2328 1133 opus
2387 1060 2490 1113 est
2560 1074 2892 1131 quaerere,

593 1150 798 1204 utrum
824 1141 1218 1203 Adamnanus
1264 1144 1647 1203 eremitarum
1692 1142 2057 1203 mentionem
2099 1144 2327 1202 faciens
2361 1163 2597 1206 revera
2640 1144 2893 1203 loeutus

591 1233 672 1294 sit
715 1233 789 1292 de
844 1238 1042 1292 aetate
1088 1231 1413 1292 Columbae
1457 1252 1538 1290 an
1582 1231 1656 1291 de
1702 1251 1810 1291 sua
1854 1230 2061 1310 ipsius.
2152 1231 2323 1291 Satis
2359 1232 2681 1291 habemus
2731 1231 2891 1291 scire

589 1322 774 1382 fuisse
831 1320 991 1399 apud
1047 1318 1256 1380 Scotos
1315 1320 1477 1380 intra
1521 1319 1619 1380 VI
1675 1326 1743 1379 et
1782 1319 1947 1379 VIII
2009 1322 2307 1380 saeculum
2368 1321 2709 1393 eremitae,
2778 1318 2889 1396 qui

589 1410 805 1469 remoti
863 1411 941 1469 ab
994 1409 1297 1468 hominum
1351 1408 1667 1468 domiciliis
1721 1409 1898 1486 plane
1954 1410 2281 1469 solitariam
2335 1409 2539 1470 vitam
2602 1409 2890 1486 agebant

592 1497 878 1574 (Adamn.
931 1498 1039 1558 vit.
1087 1497 1214 1557 Col.
1269 1498 1344 1570 1,.
1372 1499 1473 1571 39,
1533 1519 1594 1576 Ρ.
1642 1498 1806 1569 211;
1865 1498 1925 1571 3,
1977 1499 2121 1570 102,
2176 1519 2234 1576 Ρ.
2283 1498 2458 1573 235).
2568 1497 2706 1558 Sed
2768 1497 2886 1555 hoc

592 1587 834 1646 minime
879 1586 1188 1665 proprium
1233 1592 1365 1646 erat
1395 1586 1725 1659 Scotorum,
1770 1606 1963 1663 neque
2008 1586 2582 1652 commemoratione
2617 1586 2881 1663 dignum

590 1681 770 1749 esset,
816 1675 932 1735 nisi
976 1676 1053 1734 ab
1100 1675 1193 1734 his
1240 1675 1503 1735 eremitis
1549 1676 1648 1735 vel
1693 1696 1767 1734 ex
1813 1675 2044 1747 eodem,
2095 1696 2216 1753 quo
2258 1676 2553 1735 eremitae
2608 1694 2880 1734 commo

589 1764 911 1837 vehantur,
970 1764 1389 1826 monachorum
1447 1765 1685 1824 fervore
1743 1764 2077 1842 profectum
2137 1771 2294 1825 esset
2345 1763 2614 1823 tertium
2664 1782 2880 1822 mona

590 1853 832 1912 chorum
879 1872 1065 1930 genus
1113 1888 1199 1900 —
1243 1852 1768 1931 peregrinantium.

768 1942 905 2001 Hoc
937 1941 1248 2004 Scotorum
1293 1942 1602 2019 proprium
1620 1947 1776 2043 erat,
1824 1947 2035 2019 utpote
2067 1893 2264 2001 ortum
2294 1962 2368 2000 ex
2396 1942 2538 2020 ipeo
2575 1942 2877 2006 ecclesiae

588 2031 954 2091 Hibernioae
1001 2036 1181 2090 statu.
1256 2032 1412 2091 Nam
1452 2051 1588 2090 cum
1616 2030 1680 2089 in
1711 2030 1846 2089 aliis
1878 2031 2157 2090 eeclesiae
2188 2030 2481 2108 partibus,
2533 2032 2604 2090 in
2644 2030 2873 2108 quibus

588 2120 963 2179 monasteriis
1008 2120 1173 2178 nulla
1220 2139 1352 2177 cum
1398 2120 1744 2196 regionibus
1789 2119 1911 2179 suis
1957 2118 2331 2179 necessitudo
2371 2126 2524 2192 erat,
2580 2116 2870 2178 monachi

587 2214 905 2286 postquam
967 2208 1217 2284 collegio
1277 2207 1701 2266 monachorum
1761 2213 2161 2281 accesserunt,
2224 2208 2511 2266 mundum
2576 2208 2869 2285 effugisse

589 2296 706 2356 sibi
750 2295 1114 2367 viderentur,
1160 2295 1324 2373 apud
1366 2294 1577 2355 Scotos
1624 2316 1826 2355 omnes
1870 2296 1934 2369 ii,
1981 2297 2084 2372 qui
2128 2295 2504 2357 maminatos
2518 2313 2600 2399 §a
2633 2293 2866 2356 memdo

587 2403 648 2444 ‚se
692 2382 980 2444 custodire
1025 2384 1364 2485 cupiebant,
1411 2384 1475 2442 in
1518 2384 1597 2443 iis
1640 2384 2035 2457 monasteriis,
2083 2405 2236 2462 quae
2283 2385 2476 2444 medio
2527 2386 2600 2444 in
2633 2383 2865 2465 populo

588 2468 829 2533 condita
875 2480 1064 2545 erant,
1111 2472 1237 2533 voti
1268 2473 1362 2531 sui
1393 2478 1694 2551 compotes
1723 2473 1854 2532 fieri
1883 2494 2005 2531 non
2033 2480 2333 2550 poterant.
2408 2474 2595 2534 Unde
2628 2477 2858 2534 factum

589 2568 696 2635 est,
741 2568 812 2620 ut
856 2562 1152 2639 permulta
1198 2561 1557 2622 monasteria
1603 2563 2110 2622 constituerentur
2152 2563 2216 2621 in
2261 2563 2471 2621 insulis
2512 2567 2709 2639 juxta
2750 2559 2859 2620 Hi·

587 2650 829 2710 herniae
876 2670 1042 2708 oram
1087 2650 1218 2708 sitis
1266 2648 1489 2724 (Skene
1534 2650 1629 2723 ΙΙ,
1669 2672 1727 2727 Ρ.
1779 2652 1860 2708 62
1909 2653 2045 2727 sq.).
2116 2649 2249 2710 Alii
2295 2651 2535 2711 omnino
2587 2651 2855 2730 patriam

588 2739 926 2797 deserentes
971 2739 1178 2816 paucis
1225 2759 1360 2797 oum
1403 2738 1585 2800 sociis
1623 2739 1688 2797 in
1727 2739 1933 2799 insulis
1972 2741 2200 2814 majore
2229 2740 2550 2800 intervallo
2584 2762 2624 2799 a
2657 2737 2858 2819 patria

586 2827 833 2887 remotis
901 2828 998 2886 vel
1064 2827 1132 2886 in
1195 2828 1325 2906 ipso
1395 2828 1592 2887 medio
1652 2827 1893 2892 Oceano
1959 2829 2137 2888 cellae
2202 2829 2318 2888 sibi
2379 2829 2855 2888 construxerunt

586 2915 871 2993 (Adamn.
918 2916 1025 2975 vit.
1074 2916 1200 2975 Col.
1237 2918 1292 2988 1,
1342 2916 1402 2990 5,
1445 2939 1506 2994 Ρ.
1538 2918 1696 2989 20ος
1750 2918 1848 2990 10,
1893 2939 1950 2995 Ρ.
1986 2918 2133 2990 202,
2181 2919 2254 2975 cf.
2300 2916 2389 2990 II,
2439 2919 2543 2990 76,
2594 2940 2658 2996 Ρ.
2696 2914 2854 2982 224;

593 3009 647 3077 1,
700 3006 798 3078 19,
844 3026 902 3082 Ρ.
938 3004 1067 3063 204
1115 3010 1191 3063 et.
1239 3005 1430 3080 alibi),
1475 3005 1578 3063 alii
1625 3006 1721 3065 vel
1767 3007 1880 3065 soli
1928 3004 2215 3083 (Adamn.
2252 3007 2306 3080 1,
2341 3008 2399 3079 3,
2447 3027 2505 3085 Ρ.
2545 3008 2711 3082 197)
2756 3000 2849 3063 vel

587 3114 721 3151 cum
781 3093 958 3151 sociis
1009 3098 1079 3151 ut
1124 3099 1376 3169 uterque
1424 3092 1714 3164 Columba
1761 3095 2204 3172 emigraverunt
2247 3095 2312 3153 in
2359 3095 2589 3158 alienas
2635 3102 2851 3153 terras.

589 3181 796 3254 Tales,
860 3181 963 3257 qui
1008 3180 1219 3241 relicta
1263 3182 1460 3259 patria
1491 3182 2054 3264 perefflnabantur,
2111 3203 2263 3261 opus
2309 3190 2371 3243 et
2417 3183 2667 3246 Christo
2711 3199 2840 3258 gra·

588 3270 885 3330 tissimum
918 3276 979 3327 et
1009 3269 1160 3347 ipsis
1188 3270 1557 3330 salutiferum
1592 3272 1846 3331 edidisse
1875 3273 2263 3350 putabantur,
2295 3293 2432 3331 nam
2451 3293 2576 3351 pro
2615 3267 2848 3333 Glmteto

588 3359 1127 3436 peregrinabantur
1173 3358 1457 3435 (Adamn.
1496 3361 1551 3433 1,
1586 3362 1642 3433 3,
1690 3382 1747 3438 Ρ.
1787 3362 1930 3433 197,
1979 3362 2050 3419 cf.
2081 3360 2252 3419 Beda
2280 3362 2336 3419 h.
2370 3382 2419 3420 e.
2456 3360 2512 3433 3,
2548 3362 2593 3419 4
2642 3361 2683 3437 ξ
2721 3354 2833 3415 161

589 3454 650 3508 et
684 3447 742 3521 5,
777 3450 812 3505 9
850 3448 885 3523 ξ
922 3448 1077 3522 376)
1108 3449 1222 3508 vel
1266 3447 1351 3508 ad
1395 3444 1646 3509 delenda
1675 3448 2023 3530 peccamina
2053 3449 2335 3525 (Adamn.
2370 3450 2426 3521 2,
2463 3450 2566 3521 70,
2598 3471 2659 3529 Ρ.
2695 3444 2843 3514 222,

589 3537 663 3594 cf.
701 3538 756 3609 1,
791 3537 892 3608 21,
940 3557 997 3613 Ρ.
1031 3536 1204 3614 205).
1280 3538 1375 3596 De
1422 3558 1539 3614 qua
1586 3558 1650 3595 re
1696 3538 1923 3595 nullum
1965 3543 2163 3597 exstat
2192 3538 2402 3597 melius
2432 3535 2837 3597 testimonium

592 3644 769 3701 quam
815 3624 1052 3684 libellus
1097 3625 1198 3685 ille
1245 3625 1318 3685 de
1364 3626 1489 3686 vita
1532 3625 1857 3685 Columbae
1887 3625 2157 3685 Hiiensis
2201 3625 2290 3685 ita
2338 3626 2726 3705 conscriptus,
2770 3624 2841 3677 ub

589 3712 778 3771 vitam
824 3712 1122 3774 intexeret
1168 3715 1427 3775 orationi
1471 3714 1694 3791 partim
1733 3714 1921 3773 latino
1953 3715 2175 3791 partim
2205 3715 2536 3774 Hibernico
2569 3727 2840 3776 sermone

590 3801 663 3859 de
696 3799 910 3860 Genes.
946 3799 1049 3876 12,
1087 3805 1117 3860 1
1169 3803 1410 3863 habitae
1458 3803 1555 3878 (cf.
1590 3821 1749 3880 supr.
1780 3824 1839 3881 p.
1876 3802 2003 3879 54).
2079 3803 2217 3863 Etsi
2263 3805 2421 3862 enim
2466 3800 2836 3886 temporibus

589 3895 788 3950 aetate
814 3889 1137 3951 Columbae
1168 3893 1345 3968 longe
1368 3889 1802 3968 posterioribus
1827 3891 2194 3970 conscriptus
2220 3898 2326 3966 est,
2360 3899 2563 3952 tamen
2588 3889 2830 3951 eandem

587 3980 661 4042 de
720 3979 1153 4057 peregrinando
1212 3978 1570 4038 sententiam
1615 3978 1758 4038 tulit
1801 3987 1982 4056 atque
2025 3980 2280 4058 priores,
2339 3981 2521 4059 idque
2566 3991 2831 4041 sermono

588 4074 710 4127 tam
758 4067 1043 4130 distincto
1091 4074 1153 4126 et
1197 4067 1474 4138 dilucido,
1521 4072 1592 4126 ut
1636 4088 1827 4144 pauca
1871 4070 2300 4129 transscribere
2346 4070 2494 4128 mihi
2538 4069 2742 4128 liceat·

774 4152 948 4231 Quod
992 4164 1189 4217 autem
1224 4154 1394 4234 patri
1410 4152 1689 4237 fidelium
1723 4156 2066 4237 precipitur,
2111 4154 2219 4218 Ῐιοο
2249 4156 2515 4218 omnibus
2533 4155 2684 4242 filiis
2710 4148 2828 4234 ejus

586 4242 954 4324 implendum
997 4241 1341 4324 relinquitur
1389 4242 1611 4320 (Skene
1656 4245 1745 4319 ΙΙ,
1792 4268 1929 4326 app.
1975 4269 2032 4325 Ρ.
2081 4247 2284 4324 469).
2367 4245 2597 4307 ‚tribus
2641 4249 2822 4304 autem

586 4332 779 4393 modis
810 4332 1023 4411 patria
1068 4330 1351 4392 deseritur
1392 4336 1473 4409 (p.
1507 4334 1711 4411 461).
1745 4332 2108 4418 ,aliquando
2153 4334 2305 4395 enim
2342 4333 2552 4417 patria
2595 4340 2828 4415 corpore
