3134 5034
1510 307 1957 366 ...82—

595 490 839 567 rduplici
884 507 1041 547 anno
1091 488 1218 546 640
1266 488 1344 546 ab
1388 485 1548 558 Itta,
1611 484 1861 563 Pippini
1929 484 2107 561 primi
2177 485 2454 560 conjuge,
2517 484 2852 539 constructo

613 585 856 637 auctore
902 577 1208 648 Amando,
1277 595 1453 653 quem
1498 574 1810 633 Ebrardus
1855 579 2067 651 utpote
2125 572 2522 646 „Culdeorum
2576 568 2854 628 inimicis-

616 668 864 728 simum“
896 665 1337 745 despiciendum
1376 663 1578 740 potius
1626 681 1806 739 quam
1850 661 2166 721 amandum
2214 680 2341 720 esse
2387 659 2634 731 censuit,
2681 657 2858 717 simili

619 756 795 815 modo
854 774 1037 832 penes
1096 753 1427 812 abbatissas
1484 751 1668 810 fuisse
1726 750 1977 810 videtur
2018 770 2245 809 summa
2290 749 2616 808 auctoritas
2663 746 2856 823 (Rett-

619 846 784 921 berg,
829 842 1434 919 Kirchengeschichte
1479 839 1920 899 Deutschlands
1964 839 2013 911 Ι,
2061 860 2118 916 p.
2168 838 2295 916 56).

793 932 1003 1008 Neque
1047 931 1111 989 in
1154 930 1245 1003 iis,
1292 949 1444 1006 quae
1488 935 1801 1008 praeterea
1846 927 1919 986 de
1964 925 2521 1004 Nordanh'ynibriae
2568 930 2857 983 monaste-

615 1020 721 1080 riis
768 1019 912 1079 nota
955 1026 1111 1092 sunt,
1160 1018 1480 1095 quicquam
1526 1017 1664 1076 miri
1709 1016 1991 1075 cernitur.
2080 1016 2171 1076 Ne
2217 1016 2368 1075 illud
2412 1015 2655 1092 quidem
2700 1014 2857 1071 affir-

615 1108 769 1168 mari
800 1114 999 1187 potest
1030 1108 1294 1184 (Ebrard
1323 1127 1381 1184 p.
1419 1107 1589 1182 193),
1630 1105 1790 1209 quod
1821 1124 2011 1164 annus
2041 1104 2413 1183 probationis
2444 1105 2538 1165 vel
2571 1102 2864 1162 brevioris

618 1199 922 1275 cniusdam
967 1196 1230 1256 tirocinii
1274 1203 1527 1273 tempus,
1575 1196 1743 1269 cujus
1788 1194 2148 1253 mentionem
2193 1214 2374 1271 supra
2412 1193 2516 1251 ubi
2547 1193 2622 1250 de
2653 1192 2860 1251 Hiien·

618 1287 781 1348 sibus
827 1287 1120 1362 agebatur
1164 1286 1248 1361 (Ρ.
1296 1284 1413 1361 69)
1459 1282 1947 1355 desideravimus,
2017 1283 2079 1340 in
2125 1280 2683 1358 Nordanhymbriae
2744 1300 2863 1339 mo·

618 1373 893 1436 nasteriis
952 1372 1133 1432 moris
1191 1391 1311 1430 non
1365 1370 1580 1444 fuerit,
1648 1390 1788 1429 nam
1831 1371 2061 1430 Bedam
2115 1370 2380 1432 invenies
2427 1370 2508 1445 (11.
2556 1391 2605 1429 0.
2654 1370 2714 1441 4,
2763 1370 2863 1442 23,

622 1465 849 1542 §330)
895 1463 1238 1538 loquentem
1297 1460 1370 1518 de
1430 1457 1699 1519 extremis
1757 1458 2098 1519 monasterii
2140 1459 2470 1538 [Haconos]
2527 1455 2699 1527 locis,
2768 1455 2874 1516 uhi

624 1570 811 1632 nuper
840 1549 1117 1609 venientes
1147 1547 1230 1607 ad
1262 1546 1749 1607 conversationem
1776 1545 2042 1628 feminae
2080 1545 2336 1609 solebant
2368 1544 2639 1627 probari,
2686 1546 2871 1607 donec

618 1636 963 1720 requlariter
1004 1634 1293 1697 institutae
1336 1636 1399 1695 in
1441 1635 1765 1696 societatem
1808 1636 2266 1717 conyreyationis
2309 1634 2754 1715 susciperentur.

799 1727 1056 1804 Propria
1101 1731 1298 1784 autem
1345 1725 1438 1783 his
1486 1724 1798 1784 Scotorum
1843 1726 2218 1785 monasteriis
2277 1725 2438 1785 haud
2496 1725 2675 1783 dubie
2732 1727 2869 1783 'erat

622 1818 846 1894 regula,
892 1815 1215 1875 secundum
1262 1834 1441 1890 quam
1486 1814 1614 1873 vita
1658 1814 2002 1874 monachica
2045 1815 2325 1875 instituta
2370 1818 2516 1886 erat,
2562 1833 2700 1872 nam
2749 1832 2869 1871 non

623 1925 773 1984 opus
834 1910 929 1964 est
988 1923 1445 1963 commemorare
1508 1901 1604 1962 Sti
1663 1901 1977 1963 Benedicti
2035 1905 2333 1981 regulam,
2405 1902 2626 1979 quippe
2689 1922 2870 1979 quam

622 1995 849 2073 primus
910 1993 1227 2052 Wilfridus
1285 1992 1350 2049 in
1410 1992 1788 2051 Britanniam
1847 1992 2142 2052 invexerit
2202 1992 2334 2068 (vit.
2380 1991 2582 2049 Wilfr.
2636 1989 2877 2062 XLIV,

622 2084 780 2143 Mab.
826 2082 938 2154 IV,
978 2083 1031 2154 1,
1085 2102 1162 2158 p..
1194 2080 1366 2156 705),
1435 2087 1579 2140 tunc
1639 2081 1928 2156 temporis
1987 2080 2050 2138 in
2108 2080 2431 2141 Britannia
2490 2087 2695 2139 notam
2757 2099 2877 2138 non

625 2172 821 2230 fuisse.
915 2168 1033 2228 Sed
1093 2169 1166 2227 de
1223 2170 1335 2227 hac
1389 2189 1454 2227 re
1518 2170 1679 2247 apud
1737 2168 1969 2227 Bedam
2028 2169 2116 2227 nil
2178 2175 2376 2229 exstat
2435 2174 2497 2227 et
2559 2189 2712 2245 quae
2767 2187 2878 2226 nos

624 2259 877 2318 doceant
907 2257 1231 2316 Columbae
1277 2257 1673 2316 Luxoviensis
1715 2257 2089 2331 monasteria,
2133 2259 2292 2317 infra
2337 2256 2688 2318 videbimus.
2750 2255 2878 2315 Ita·

628 2367 743 2424 que
789 2347 867 2405 ad
912 2351 1239 2405 extremum
1283 2346 1584 2404 mentione
1630 2346 1790 2404 facta
1835 2346 1996 2406 vitae
2053 2348 2435 2407 eremitarum
2491 2346 2553 2404 in
2598 2345 2876 2406 Nordan-

625 2435 899 2513 hymbria
945 2453 1180 2512 quoque
1225 2434 1503 2493 inventae
1550 2433 1752 2512 (Beda
1798 2435 1901 2495 vit.
1949 2433 2138 2494 Oudb.
2193 2436 2291 2508 17,
2353 2434 2389 2512 ἓ
2440 2435 2543 2507 29,
2606 2433 2878 2494 Stevens.

626 2524 713 2598 II,
761 2545 820 2602 p.
867 2524 971 2596 83,
1017 2525 1089 2581 cf.
1142 2524 1241 2595 18,
1287 2524 1322 2600 ἓ
1374 2524 1451 2581 31
1504 2543 1608 2630 sq„
1655 2544 1714 2600 p.
1749 2523 1859 2599 85)
1907 2524 1980 2582 de
2025 2525 2155 2583 vita
2200 2523 2544 2582 monachica
2589 2523 2701 2582 hoc
2747 2523 2889 2608 1000Ι

627 2613 773 2673 satis
819 2613 899 2671 sit
941 2611 1327 2688 disputatum.

806 2700 892 2759 Et
922 2700 1068 2760 satis
1099 2719 1287 2777 paene
1319 2701 1393 2758 de
1436 2706 1568 2759 tota
1615 2701 1878 2773 ecclesia,
1925 2720 2057 2759 cum
2103 2707 2235 2761 tota
2266 2698 2581 2760 Scotorum
2629 2700 2880 2759 ecclesia

628 2789 977 2849 monasterii
1022 2788 1278 2867 speciem
1324 2789 1631 2867 praebeat.
1711 2790 2065 2866 Quanquam
2114 2789 2269 2850 enim
2318 2809 2526 2849 censeo
2573 2789 2636 2847 in
2682 2789 2877 2849 Nord-

610 2880 1091 2956 *anhymbrorum
1138 2878 1381 2937 ecclesia
1426 2878 1609 2937 fuisse
1656 2878 1916 2951 clericos,
1966 2878 2068 2955 qui
2115 2878 2387 2937 monachi
2433 2897 2554 2936 non
2587 2883 2760 2936 erant
2792 2912 2878 2924 —

628 2967 1016 3047 paucissimos
1055 2967 1189 3024 illos
1221 2967 1459 3042 quidem
1496 3002 1572 3011 -—
1609 2973 1808 3026 tamen
1842 2973 2068 3026 certum
2114 2967 2291 3042 hujus
2336 2966 2424 3024 rei
2468 2965 2880 3025 testimonium

628 3057 894 3138 proferre
940 3074 1059 3112 non
1103 3074 1359 3130 possum.
1451 3054 1802 3115 Provocabo
1847 3062 2046 3115 tamen
2095 3055 2172 3115 ad
2216 3054 2419 3114 Bedae
2480 3055 2632 3113 illud
2692 3074 2880 3126 „nam

619 3140 903 3204 ‘monachi
944 3150 1110 3201 erant
1153 3141 1479 3215 maxime,
1549 3144 1654 3225 qui
1707 3143 1792 3204 ad
1837 3143 2317 3224 praedicandum
2369 3151 2643 3203 venerant
2684 3144 2770 3220 (h.
2830 3163 2879 3201 e.

635 3233 692 3304 3,
730 3233 787 3305 3,
835 3232 869 3309 ξ
909 3231 1059 3307 157)
1107 3236 1169 3289 et
1213 3231 1288 3290 ad
1335 3253 1587 3292 canones
1631 3233 2020 3306 Hibernicos,
2083 3234 2185 3311 qui
2239 3233 2398 3291 inter
2450 3232 2770 3291 monachos
2818 3238 2878 3291 et

621 3320 870 3380 ⁴clericos
900 3319 1216 3378 discrimen
1245 3340 1548 3398 nunquam
1579 3342 1701 3380 non
1730 3321 1974 3394 faciunt,
2017 3354 2089 3367 —--
2125 3322 2229 3381 sed
2275 3319 2559 3380 confiteor
2602 3321 2879 3379 relictum

627 3429 757 3469 esse
802 3409 1197 3469 dubitationis
1254 3410 1465 3469 locum.
1556 3409 1650 3469 Eo
1696 3409 1886 3487 magis
1931 3410 2074 3470 licet
2116 3414 2314 3469 tacere
2360 3409 2434 3468 de
2480 3407 2881 3469 matrimoniis

630 3498 997 3569 clericorum,
1044 3517 1295 3574 quorum
1341 3501 1568 3558 nullum
1613 3500 1817 3558 inveni
1855 3499 2193 3575 vestigium.
2254 3498 2455 3557 Unum
2500 3498 2690 3556 solum
2737 3496 2877 3556 affe-

630 3607 760 3645 ram
807 3592 1240 3663 argumentum,
1284 3588 1445 3665 quod
1490 3588 1857 3645 demonstret
1903 3588 2061 3664 apud
2092 3586 2300 3647 Scotos
2347 3586 2577 3645 clericis
2628 3621 2705 3630 —
2757 3606 2879 3645 non

632 3674 847 3733 addam
893 3675 1262 3752 superiorum
1308 3676 1618 3753 graduum,
1666 3696 1802 3734 nam
1828 3675 1933 3734 -nil
1973 3676 2181 3749 habe0,
2229 3676 2390 3752 quod
2418 3675 2530 3733 hoc
2561 3674 2879 3734 discrimen

631 3763 845 3822 faciam
906 3799 993 3809 —
1053 3784 1173 3823 non
1231 3765 1466 3823 licuisse
1526 3764 1728 3824 vivere
1789 3764 1852 3821 in
1910 3764 2323 3824 matrimoniis.
2413 3763 2490 3822 In
2550 3764 2880 3823 canonibus

613 3852 788 3911 -enim
838 3853 1185 3912 Hibernicis
1231 3853 1334 3911 lib.
1380 3852 1482 3910 XI
1530 3874 1579 3911 c.
1629 3855 1666 3909 2
1701 3873 1789 3929 sq.
1835 3853 2059 3931 scripta
2113 3859 2254 3912 sunt
2298 3853 2442 3911 haec
2488 3853 2698 3913 verba:
2748 3848 2879 3911 Au·

611 3973 620 3978 ·
629 3940 891 4022 qustinus
946 3940 1057 4000 ait.-
1124 3938 1226 4022 qui
1285 3938 1390 3999 sub
1439 3939 1640 4021 qradu
1699 3938 1901 4000 cecidit
1950 3948 2095 4020 post
2155 3939 2533 4023 penitentiam
2588 3948 2883 4000 contentus

608 4029 733 4112 flat
778 4028 1103 4109 baptizare,
1164 4028 1627 4090 communionem
1684 4028 1829 4089 dare
1881 4027 2128 4113 infirmis
2171 4038 2223 4088 et
2267 4025 2483 4088 altario
2525 4028 2879 4089 ministrare.

635 4116 912 4198 Synodus
957 4114 1358 4176 Hiberniensis
1401 4116 1676 4190 decrevit,
1736 4127 1801 4177 ut
1852 4116 1915 4177 in
1960 4114 2489 4199 pereyrinationem
2543 4116 2785 4177 exierint
2830 4125 2882 4176 et

632 4205 716 4267 ibi
756 4205 986 4265 ministr
985 4224 1089 4265 are
1141 4202 1247 4264 sub
1299 4225 1480 4265 manu
1533 4205 1774 4267 abbatis.
1864 4202 2209 4266 Humanius
2253 4215 2446 4265 autem
2489 4203 2880 4266 Hiber-nenses

631 4294 1083 4377 interpretantur
1141 4313 1320 4353 causa
1368 4294 1684 4376 paucitatis
1743 4294 2137 4366 sacerdotum,
2204 4302 2269 4353 ut
2319 4303 2456 4373 post
2497 4293 2882 4377 penitentiam

633 4391 1030 4443 consecrentur
1064 4401 1177 4465 per
1224 4403 1432 4442 manus
1475 4382 1893 4464 inpositionem,
1939 4393 1991 4443 et
2033 4382 2096 4442 in
2140 4379 2362 4442 silentio
2407 4381 2731 4445 ministrent
2775 4380 2883 4442 sub
