3134 5034
1245 316 1681 376 ...15-

519 500 747 562 Eadem
793 502 1185 578 comprobant
1229 504 1456 558 statuta
1500 499 1605 557 illa
1649 498 1957 575 synodalia
2016 518 2196 576 supra
2243 518 2586 558 commemo·

344 599 506 666 rata,
572 612 724 669 quae
782 590 945 650 haud
1005 590 1126 648 scio
1188 609 1264 647 an
1322 587 1417 646 his
1477 587 1624 666 ipsis
1685 588 2052 666 temporibus
2097 588 2315 646 ascribi
2359 589 2594 664 possint

346 683 451 758 (H.
494 682 613 740 and
653 680 742 740 St.
788 680 840 752 I,
888 700 945 757 p.
987 680 1108 737 117
1143 680 1316 754 sqq.).
1340 676 1366 712 ²
1453 677 1608 738 Nam
1655 677 1783 735 luce
1831 676 2047 735 clarius
2094 683 2184 736 est
2228 676 2376 734 illud
2420 697 2591 747 „cum

342 768 582 830 mulioee
625 766 716 829 vel
756 788 891 828 cum
928 766 1059 827 -viro
1092 786 1346 847 peccam
1391 763 1519 847 quis
1556 762 1910 844 comedatur,
1968 774 2032 824 ut
2076 763 2326 837 alteriue
2348 765 2591 844 patriae

347 860 450 937 [an
489 851 742 938 patr-2232]
790 854 1059 918 coenubio
1101 854 1255 915 vivat
1298 898 1310 911 .
1343 899 1356 912 .
1391 898 1404 913 .
1453 856 1605 930 (syn.
1653 854 2007 932 aquilonalis
2053 855 2404 912 Britanniae
2452 875 2498 911 o.
2554 858 2579 911 1

345 948 426 1006 H.
473 947 590 1006 and
639 945 728 1006 St.
787 969 846 1025 p.
899 947 1051 1023 117)
1111 946 1185 1004 de
1244 944 1544 1003 monachis
1605 965 1730 1002 esse
1789 944 2029 1002 dictum.
2121 944 2205 1002 Et
2271 943 2414 1019 quid
2475 943 2590 1001 sibi

346 1038 569 1096 vellent
614 1057 684 1094 ea
731 1035 1022 1113 capitula,
1086 1054 1236 1112 quae
1281 1053 1503 1110 poenas
1549 1033 1841 1092 definiunt
1886 1033 1949 1090 in
1996 1053 2095 1091 eos
2114 1077 2127 1104 ,
2183 1031 2285 1113 qui
2327 1050 2387 1091 se
2431 1030 2590 1111 ipsos

345 1122 772 1206 inquinavemlnt
816 1123 1028 1200 (ejusd.
1073 1143 1202 1200 syn.
1247 1122 1334 1196 ΙΙ,
1380 1123 1460 1182 H.
1508 1122 1627 1180 and
1672 1122 1759 1183 St.
1781 1154 1786 1157 ·
1807 1122 1857 1194 I,
1904 1144 1961 1200 p.
2016 1123 2183 1197 117),
2247 1119 2350 1201 qui
2384 1138 2587 1199 pecca-

347 1212 530 1274 verint
571 1233 705 1272 cum
749 1231 889 1273 cane
934 1214 1084 1289 (syn.
1131 1212 1283 1270 Luci
1329 1212 1488 1271 Vict.
1535 1211 1684 1284 VII,
1732 1213 1768 1271 l.
1816 1233 1862 1269 c.
1910 1233 1969 1289 p.
2025 1211 2175 1285 118)
2231 1211 2328 1269 vel
2372 1217 2436 1268 ut
2482 1203 2587 1267 So-

348 1300 600 1361 domitae
628 1302 797 1379 (ibid.
822 1301 1013 1378 VIII)
1043 1303 1138 1361 vel
1183 1320 1318 1360 cum
1360 1297 1603 1360 muliere
1647 1298 1991 1379 disponsata
2023 1295 2257 1358 Christo
2287 1301 2592 1376 (excerpta

346 1411 420 1449 ex
465 1390 618 1450 libro
664 1390 918 1451 Davidis
943 1389 969 1426 ²
1013 1390 1072 1453 V
1102 1391 1140 1451 l.
1188 1411 1238 1448 c.
1293 1412 1350 1468 p.
1405 1387 1545 1449 119.
1594 1391 1666 1447 cf.
1712 1388 2252 1460 Wasserschleben,
2298 1387 2590 1446 Bussord-

346 1500 609 1556 nungen,
670 1501 729 1558 p.
779 1482 863 1557 9),
925 1480 1039 1539 nisi
1086 1480 1299 1538 ducere
1343 1499 1589 1537 uxorem
1634 1484 1739 1536 aut
1783 1479 1913 1537 viro
1965 1478 2191 1536 nubere
2239 1477 2600 1561 quibusdam·

345 1570 701 1645 denegatum
746 1568 1003 1629 fuisset?
1050 1569 1327 1645 Denique
1373 1568 1560 1646 ipsius
1607 1568 1819 1645 synodi
1862 1567 2008 1625 Luc.
2052 1566 2211 1626 Vict.
2259 1587 2305 1625 c.
2351 1566 2453 1623 IX
2497 1565 2592 1623 his

345 1658 544 1718 verbis
590 1658 879 1737 scriptum
926 1665 1047 1717 est:
1127 1655 1338 1718 Totum
1381 1654 1514 1728 hoc,
1572 1655 1731 1739 quod
1775 1654 2061 1726 divionna,
2128 1654 2183 1714 si
2215 1663 2353 1738 post
2396 1662 2593 1714 votum

344 1743 710 1826 perfectionis
739 1744 950 1827 fecerit
992 1743 1181 1806 homo.
1273 1743 1347 1806 Si
1372 1754 1567 1806 autem
1598 1753 1730 1805 ante
1758 1754 1973 1816 votum,
2018 1764 2207 1803 amma
2236 1742 2594 1803 deminuitur

349 1833 424 1893 de
466 1832 731 1894 omnibus
743 1855 763 1905 ,-
808 1834 883 1894 de
925 1831 1157 1917 reliquis
1199 1854 1354 1906 vcro,
1400 1844 1464 1894 ut
1502 1834 1681 1905 debet,
1724 1833 2025 1905 minuitur,
2073 1833 2219 1892 dum
2262 1853 2381 1892 non
2423 1830 2591 1891 vovit.

349 1922 455 1999 (H.
503 1923 621 1982 and
668 1922 757 1983 St.
804 1923 891 1996 ΙΙ,
937 1945 996 2002 p.
1043 1926 1214 2002 118).
1304 1924 1467 2000 Ergo
1513 1924 1815 1982 monachis
1859 1923 1921 1980 in
1967 1922 2345 1981 matrimonio
2391 1922 2592 1981 vivere

348 2032 467 2070 non
512 2012 750 2085 licebat,
797 2013 1068 2089 quamvis
1115 2013 1423 2071 Ebrardus
1470 2013 1772 2072 contraria
1803 2011 2110 2070 adseveret
2141 2013 2224 2093 (p.
2260 2012 2385 2068 206
2419 2012 2592 2087 sqq.).

527 2099 951 2161 Sacerdotibus
1007 2122 1147 2160 num
1200 2101 1464 2175 licuerit,
1533 2102 1638 2161 vix
1690 2100 2008 2176 dijudicari
2062 2106 2277 2178 potest.
2369 2099 2593 2177 Negari

350 2189 587 2267 quidem
642 2210 761 2248 non
815 2196 1016 2269 potest
1070 2190 1252 2250 fuisse
1309 2191 1581 2262 clericos,
1653 2191 1756 2266 qui
1811 2189 1972 2247 nulla
2025 2189 2271 2247 infamia
2327 2188 2594 2265 adspersi

348 2298 561 2337 uxores
607 2279 940 2352 duxissent,
999 2300 1138 2338 nam
1186 2277 1426 2338 Gildam
1473 2279 1745 2338 audimus
1792 2279 2084 2337 dicentem
2120 2299 2262 2337 cum
2324 2279 2593 2355 apostolo

350 2368 690 2445 episcopum
720 2374 995 2447 oportere
1034 2388 1160 2428 esse
1207 2365 1379 2427 unius
1423 2366 1626 2428 axoris
1670 2367 1883 2438 virum,
1910 2363 2073 2450 filios
2118 2364 2418 2426 habentem
2462 2364 2590 2425 sub-

351 2455 501 2516 ditos
547 2475 682 2515 cum
728 2455 888 2517 omm‘
931 2456 1187 2517 castitate
1232 2459 1416 2536 (ep.§
1454 2459 1598 2530 108,
1643 2478 1700 2534 p.
1741 2458 1893 2528 1143
1939 2458 1974 2534 ξ
2013 2458 2154 2528 109,
2201 2477 2259 2533 p.
2298 2456 2449 2532 115)
2491 2456 2593 2514 sed

349 2546 488 2604 licet
542 2545 848 2619 dubitare,
919 2568 1060 2605 num
1121 2547 1266 2606 haec
1321 2548 1695 2606 sacerdotum
1743 2546 2119 2604 matrimonia
2165 2567 2200 2603 a
2248 2544 2429 2603 Gilda
2474 2565 2593 2603 non

352 2635 696 2712 vituperata
740 2655 950 2695 revera
981 2635 1360 2695 matrimonia
1390 2636 1630 2696 fuerint.
1691 2634 1945 2695 Constat
1991 2634 2145 2692 enim
2191 2634 2400 2693 iisdem
2447 2639 2593 2692 tem·

351 2723 598 2801 poribus
660 2730 722 2783 et
779 2724 843 2783 in
890 2722 1092 2784 Gallia
1152 2729 1213 2783 et
1267 2725 1411 2784 alibi
1467 2744 1721 2784 canones
1776 2731 1837 2782 et
1892 2729 2118 2783 statuta
2164 2723 2473 2800 synodalia
2517 2725 2593 2781 ab

350 2812 426 2871 iis
471 2812 787 2890 episcopis,
835 2813 1230 2892 presbyteris,
1278 2814 1541 2872 diaconis
1560 2857 1574 2885 ,
1622 2813 1727 2888 qui
1773 2817 1913 2869 ante
1960 2812 2337 2870 diaconatum
2383 2832 2595 2870 uxores

352 2901 647 2960 duxerant
683 2935 757 2944 —
796 2902 954 2977 quod
994 2902 1238 2980 plurimi
1282 2903 1601 2973 faciebant,
1646 2921 1785 2958 nam
1831 2906 1975 2958 tunc
2018 2902 2305 2977 temporis
2352 2902 2596 2959 clericos

351 2989 694 3066 saepissime
740 3010 850 3067 per
895 2991 1137 3068 longum
1183 2998 1418 3068 tempus
1464 2991 1525 3048 in
1572 2989 1953 3048 inferioribus
1999 2989 2284 3066 gradibus
2329 2994 2595 3049 versatos
2677 3028 2686 3037 -

352 3098 478 3137 esse
524 3078 728 3137 docuit
770 3078 1140 3156 Loeningius
1172 3079 1284 3155 (II,
1315 3101 1374 3158 p.
1408 3079 1563 3156 318)
1603 3113 1677 3123 -
1713 3097 2085 3155 nequaquam
2133 3080 2480 3156 postulasse,
2525 3083 2596 3136 ut

353 3187 566 3226 uxores
610 3167 1010 3243 dimitterent,
1067 3168 1173 3227 sed
1217 3174 1476 3241 tantum,
1535 3189 1611 3226 ne
1656 3188 1832 3246 porro
1880 3188 2012 3227 cum
2058 3168 2342 3227 uxoribus
2388 3188 2593 3226 carna-

352 3257 492 3316 liter
536 3257 971 3335 copularentur.
1045 3258 1204 3331 Quid
1252 3257 1303 3317 si
1348 3257 1506 3315 idem
1551 3257 1614 3315 in
1660 3257 1981 3315 Britannia
2027 3277 2315 3316 canonum
2361 3258 2455 3315 vel
2502 3278 2594 3333 sy-

349 3345 636 3404 nodorum
684 3345 914 3423 legibus
960 3347 1057 3405 vel
1101 3366 1213 3405 usu
1259 3346 1550 3405 sancitum
1609 3345 1832 3404 fuerit?
1894 3344 2199 3405 Sanc-,itum
2249 3366 2368 3404 non
2414 3345 2594 3403 fuisse

350 3435 511 3494 nullo
557 3434 732 3493 modo
781 3436 1154 3513 comprobari
1199 3440 1414 3513 potest.
1506 3434 1603 3493 Ex
1635 3435 1933 3493 contrario
1965 3435 2457 3493 verisimillimum
2506 3440 2597 3493 est

349 3522 668 3582 Britonum
713 3543 906 3584 mores
952 3526 1100 3583 alios
1146 3545 1265 3583 non
1311 3526 1490 3583 fuisse
1519 3544 1700 3600 quam
1733 3521 2058 3585 Gallorum.
2148 3523 2429 3583 Profecto
2460 3543 2594 3580 ‚non

351 3630 500 3688 opus
547 3617 677 3671 erat
723 3618 948 3672 statuto
996 3612 1196 3674 siricii
1240 3633 1433 3692 papae
1489 3613 1552 3671 in
1600 3612 1980 3671 Britanniam
2026 3620 2266 3691 recepto
2316 3612 2595 3689 (Ebrard,

535 3785 556 3817 ¹
595 3783 853 3850 Exstant,
894 3785 1284 3855 antiquissima
1321 3785 1416 3855 (cf.
1459 3785 1593 3852 Syn.
1633 3784 1774 3840 Luc.
1818 3784 1970 3839 Vict.
2009 3785 2114 3850 IV,
2157 3785 2232 3839 H.
2275 3786 2386 3840 and
2423 3784 2505 3839 St.
2545 3784 2595 3840 I.

350 3874 405 3925 p.
436 3856 565 3911 118:
606 3855 701 3924 qui
726 3855 989 3923 praebent
1024 3857 1284 3912 ducatum
1320 3855 1567 3911 barbaris
1606 3860 1709 3910 etc.
1753 3857 1852 3910 sed
1892 3857 1960 3911 cf.
1991 3857 2125 3912 Gan.
2168 3857 2305 3910 Hib.
2351 3856 2509 3923 LIX,
2546 3858 2596 3913 2.

352 3926 851 3982 Wasserschleben
897 3926 977 3982 Ir.
1020 3927 1157 3982 Gan.
1206 3946 1261 3996 p.
1301 3926 1422 3983 255.
1461 3943 1607 3981 saec.
1650 3926 1855 3995 VIII.)
1896 3928 2162 3982 videntur
2200 3945 2346 3993 esse,
2405 3928 2597 3998 itaque

351 3998 589 4053 forsitan
627 3997 967 4052 cohaereant
1005 4015 1133 4052 cum
1171 3998 1396 4065 synodis
1435 3997 1563 4063 illis,
1607 4016 1742 4067 quas
1786 4000 2011 4052 saeculo
2038 4002 2198 4052 sexto
2224 3999 2447 4052 habitas
2478 4015 2597 4052 esse

353 4074 412 4123 et
447 4069 678 4123 annales
704 4100 774 4111 —
804 4069 1031 4139 (saltem
1068 4069 1140 4123 de
1178 4086 1290 4123 una
1326 4070 1635 4139 loquuntur
1660 4069 1736 4124 H.
1762 4070 1876 4124 and
1903 4069 1987 4123 St.
2017 4069 2066 4136 I,
2107 4087 2162 4138 p.
2192 4070 2320 4138 116)
2363 4074 2421 4123 et
2447 4070 2598 4123 vitae

340 4140 694 4195 'Sanctorum
721 4140 977 4195 referunt
1002 4139 1104 4210 (H.
1134 4141 1246 4194 and
1273 4140 1358 4195 St.
1388 4141 1424 4194 1.
1453 4142 1548 4209 c.).
1602 4139 1719 4194 Sed
1757 4158 1861 4209 pro
1901 4145 2059 4194 certo
2098 4141 2240 4197 nihil
2282 4141 2353 4195 de
2390 4142 2497 4195 hac
2536 4159 2597 4194 re

351 4211 578 4265 videtur
616 4212 757 4265 mihi
795 4229 959 4280 posse
998 4211 1287 4265 affirmari.
1365 4211 1453 4265 De
1492 4211 1720 4278 synodis
1749 4212 1985 4266 Davidis
2025 4210 2407 4267 Meneviensis
2437 4230 2469 4265 a
2499 4212 2597 4267 Gi-

352 4282 514 4336 raldo
554 4283 885 4365 Gambrensi
949 4300 1091 4337 saec.
1132 4281 1301 4351 XII.)
1342 4283 1792 4336 commemoratis
1834 4282 2384 4352 (Wasserschleben,
2427 4284 2597 4338 Buss-

350 4354 510 4407 ordn.
532 4354 703 4477 5³1''Hgiga
742 4353 982 4494 {biplici
1014 4354 1133 4479 8’11111111
1163 4352 1335 4490 ἳξῇτξ,
1355 4356 1495 4478 alani
1508 4355 1832 4478 1iilcertiora
1867 4425 2007 4478 mihi
2045 4424 2313 4480 videntur
2351 4443 2488 4481 esse.
