3134 5034
1286 295 1767 351 -117-

412 473 592 531 fuisse
651 471 992 531 Eckhartus
1054 470 1283 531 censuit
1336 470 1617 547 (Francia
1677 471 1984 530 orientalis
2029 470 2090 544 Ι,
2149 492 2206 548 Ρ.
2256 472 2428 548 270),
2487 475 2642 530 teste

411 562 537 623 vita
581 560 917 619 Audomari
966 563 1022 631 7,
1068 560 1225 620 Mab.
1270 559 1372 634 II,
1419 581 1553 620 ann.
1596 561 1751 634 667,
1796 581 1855 638 p.
1904 561 2030 617 562
2078 579 2196 618 non
2242 562 2303 618 in
2349 560 2641 619 Hibernia

411 650 516 711 sed
563 650 625 707 in
685 648 926 726 regione
981 648 1427 709 Constantiensi
1483 657 1658 709 natus
1715 657 1859 708 erat.
1926 649 2328 725 ¹Arbogastus
2388 649 2642 726 denique

411 745 470 799 e't
526 737 893 811 Florentius,
949 736 1491 815 Argentoratenses
1546 739 1807 817 episcopi
1853 738 2215 815 (Harttung,
2277 760 2334 817 p.
2380 740 2493 812 26,
2540 738 2644 797 sed

411 827 550 889 vide
592 827 738 885 illud
785 824 1061 886 vielkiclzt
1107 850 1164 905 p.
1199 828 1310 904 32)
1356 827 1472 886 nisi
1517 829 1676 905 apud
1728 827 2074 906 posterioris
2126 828 2409 904 temporis
2460 827 2642 905 scrip·

410 924 571 977 tores
616 916 760 993 (vid.
806 916 1104 993 Rettberg
1148 915 1232 989 II,
1278 939 1337 994 p.
1388 917 1469 974 63
1517 919 1672 994 sqq.)
1719 915 1885 975 Scoti
1938 936 2058 976 non
2113 917 2521 995 nominantur,
2583 922 2644 975 et

410 1023 586 1083 quae'
622 1005 706 1066 sit
763 1005 1159 1084 posteriorum
1229 1005 1292 1064 in
1358 1005 1468 1064 hac
1530 1026 1596 1063 re
1657 1006 1983 1065 auctoritas
2043 1012 2294 1083 apparet
2354 1025 2425 1063 ex
2489 1004 2643 1065 vitae

413 1095 833 1173 Ohrodegangi
878 1096 1052 1170 (saec.
1096 1093 1214 1153 IX.
1261 1094 1559 1171 Rettberg
1605 1094 1656 1168 Ι,
1703 1116 1759 1172 Ρ.
1808 1095 1964 1172 493)
2010 1094 2195 1152 hisce:
2243 1090 2641 1174 Bonffatium‚

409 1183 513 1266 qui
552 1193 603 1243 et
661 1179 994 1265 szfhidus
1039 1182 1245 1254 dictim,
1292 1202 1363 1243 ωε
1394 1179 1685 1243 Hibernia
1728 1181 2039 1242 venientem
2069 1182 2396 1257 (Eckhart,
2428 1182 2642 1241 Franc.

411 1273 621 1332 orient.
653 1272 706 1347 Ι,
752 1294 811 1351 Ρ.
847 1273 1018 1349 920).
1079 1271 1199 1331 Sed
1244 1272 1395 1331 hanc
1441 1293 1565 1330 rem
1614 1273 1657 1330 ii
1702 1272 2046 1347 dijudicent,
2095 1272 2197 1347 qui
2244 1271 2457 1345 omnia,
2492 1291 2642 1349 quae

412 1368 665 1435 exstant,
711 1362 1076 1420 saeculorum
1107 1360 1218 1435 VI,
1250 1360 1396 1434 VII,
1442 1360 1608 1420 VIII
1651 1361 1993 1421 testimonia
2035 1361 2304 1420 funditus
2341 1360 2643 1433 noverint3

412 1457 589 1523 certo,
637 1451 687 1509 si
735 1450 838 1528 qui
883 1452 1127 1510 fuerunt
1172 1449 1431 1528 episcopi
1489 1450 1857 1528 parochiales
1903 1450 1976 1508 de
2031 1450 2270 1509 natione
2314 1449 2644 1521 Scotorum,

408 1540 691 1618 perpauci
733 1541 993 1598 fuerunt.

586 1629 792 1705 Neque
854 1647 1132 1704 magnum
1192 1625 1400 1687 fuisse.
1438 1628 1651 1705 opinor
1719 1647 2027 1687 numerum
2088 1648 2318 1701 eorum,
2390 1629 2492 1705 qui
2551 1627 2646 1686 vel

409 1717 694 1776 abbatum
740 1736 987 1775 munera
1030 1717 1351 1775 subeuntes
1396 1717 1490 1777 vel
1546 1717 1963 1776 monachorum
2010 1718 2254 1793 collegio
2302 1711 2646 1776 accedentes

407 1806 472 1864 in
518 1805 892 1865 monasteriis
954 1805 1265 1865 stabiles
1325 1806 1492 1865 sedes
1546 1805 1664 1864 sibi
1710 1805 2073 1882 delegerunt.
2165 1804 2283 1864 Sed
2327 1806 2423 1865 vel
2468 1805 2645 1883 pauci

403 1894 840 1954 ¹ecclesiasticae
871 1893 1219 1972 disciplinae
1249 1895 1511 1973 periculo
1543 1902 1731 1965 erant,
1778 1894 2132 1971 simulatque
2179 1895 2499 1972 episcopali
2538 1913 2646 1952 sua

411 1983 711 2061 dignitate
740 1989 981 2062 praeter
1004 1987 1102 2060 jus
1131 1985 1474 2043 utebantur.
1527 1984 1662 2045 Non
1696 1984 1934 2042 omnino
1966 1985 2121 2043 enim
2151 1984 2644 2061 impediebantur,

414 2072 725 2150 quominus
770 2073 1113 2132 muneribus
1160 2072 1594 2151 episcopalibus
1639 2074 2047 2149 fungerentur.
2137 2074 2292 2135 Nam
2351 2079 2421 2131 ut
2465 2092 2646 2151 supra

405 2164 530 2238 jam
596 2162 1177 2221 commemoravimus
1225 2164 1308 2239 (p.
1361 2162 1469 2238 65)
1528 2162 1828 2220 nonnullis
1887 2162 1949 2219 in
2011 2161 2212 2220 Gallia
2271 2160 2646 2221 monasteriis

407 2271 731 2328 eorumque
792 2250 1190 2328 compluribus
1250 2272 1287 2309 a
1346 2250 1541 2310 Scotis
1603 2250 1944 2309 constitutis
2001 2250 2077 2310 ab
2147 2249 2293 2328 ipsis
2352 2250 2646 2329 episcopis

408 2339 848 2417 parochialibus
908 2339 1235 2418 privilegiis
1294 2340 1645 2418 permissum
1705 2347 1861 2414 erat,
1927 2345 1999 2398 ut
2055 2340 2243 2418 ipsius
2301 2336 2647 2399 monasterii

416 2428 681 2506 episcopi
726 2427 1057 2487 ministeria
1101 2429 1485 2507 episcopalia,
1542 2449 1694 2505 quae
1752 2429 1814 2487 in
1860 2429 2219 2488 monasterio
2265 2447 2412 2506 opus
2457 2433 2646 2499 erant,

410 2516 914 2576 administrarent.
976 2517 1110 2576 Hoc
1154 2536 1396 2576 munere
1444 2518 1854 2595 episcoporum
1899 2517 2430 2590 monasterialium,
2476 2519 2646 2591 cujus

411 2605 579 2681 origo
625 2612 828 2664 utrum
873 2627 909 2665 a
956 2605 1152 2665 Scotis
1196 2627 1272 2665 an
1319 2627 1356 2664 a
1400 2604 1594 2666 Gallis
1654 2605 1978 2685 repetenda
2038 2607 2144 2680 sit,
2205 2605 2398 2666 adhuc
2451 2604 2645 2678 hodie,

407 2700 478 2752 ut
523 2693 778 2754 diximus
824 2697 1032 2774 (supra
1076 2717 1133 2773 p.
1185 2698 1312 2772 67),
1359 2716 1478 2754 non
1526 2696 1670 2755 satis
1718 2697 2087 2774 exploratum
2135 2701 2242 2768 est,
2289 2702 2452 2776 certo
2498 2701 2643 2754 tem·

407 2782 654 2860 poribus
720 2784 938 2841 saeculi
987 2783 1115 2841 VII
1169 2790 1230 2842 et
1275 2783 1442 2843 VIII
1502 2791 1564 2842 et
1609 2783 1710 2840 IX
1774 2785 2010 2861 saepius
2069 2785 2129 2841 in
2191 2783 2391 2842 Gallia
2458 2783 2648 2842 functi

409 2876 548 2930 sunt
593 2869 760 2929 Scoti
806 2871 1257 2948 peregrinantes
1303 2872 1399 2946 (cf.
1447 2870 1721 2947 Loening
1766 2869 1854 2944 ΙΙ,
1899 2893 1957 2949 Ρ.
2007 2871 2134 2929 445
2182 2879 2306 2930 not.
2355 2873 2412 2941 4,
2458 2872 2646 2931 Hart-

408 2961 575 3036 tu'ng,
623 2979 679 3036 p.
729 2960 1034 3035 32—47).
1109 2958 1284 3018 Tales
1329 2958 1636 3038 episcopos
1682 2960 1919 3018 omnino
1965 2961 2157 3020 bonae
2202 2960 2482 3019 ecclesiae
2527 2960 2644 3019 dis-

410 3048 667 3128 ciplinae
713 3047 1072 3107 detrimento
1116 3068 1237 3107 non
1283 3068 1411 3107 esse
1448 3047 1591 3106 ‘non
1626 3049 1947 3126 potuisse,
1995 3046 2361 3127 Hart'tungio
2409 3050 2492 3127 (p.
2541 3048 2644 3122 34,

409 3138 480 3196 cf.
529 3157 709 3216 supra
758 3138 866 3214 65)
924 3157 1044 3196 non
1099 3137 1441 3209 concedam,
1504 3137 1607 3195 sed
1669 3158 1785 3214 quo
1843 3140 2036 3198 minus
2100 3139 2461 3217 compositus
2517 3144 2646 3197 erat

409 3232 549 3285 ante
593 3225 968 3285 Bonifatium
1013 3227 1292 3286 ecclesiae
1340 3225 1653 3285 Gallorum
1709 3234 1900 3287 status
1915 3272 1930 3301 ,
1992 3248 2059 3286 eo
2118 3227 2308 3305 magis
2355 3228 2647 3306 episcopis

406 3316 526 3375 illis
572 3316 1019 3391 subjiciebatur,
1064 3322 1134 3376 ut
1178 3316 1508 3394 privilegiis
1554 3316 1675 3374 illis
1722 3317 2034 3375 abutentes
2079 3317 2259 3375 etiam
2306 3324 2476 3375 extra
2520 3335 2641 3374 mo·

405 3405 668 3465 nasteria
713 3405 1043 3464 ministeria
1089 3405 1452 3483 episcopalia
1498 3403 1872 3476 exhiberent,
1921 3404 2080 3482 quod
2123 3425 2243 3463 non
2289 3405 2415 3464 sine
2462 3405 2641 3463 detri-

404 3498 604 3552 mento
651 3494 1082 3553 ecclesiasticae
1128 3494 1477 3571 disciplinae
1532 3493 1663 3551 fieri
1723 3493 1990 3571 potuisse
2047 3493 2257 3571 liquet.
2347 3493 2464 3553 Sed
2511 3492 2643 3552 cum

404 3581 563 3640 haud
608 3581 789 3641 dubie
834 3583 1011 3660 pauci
1058 3590 1256 3642 essent
1302 3589 1365 3641 et
1410 3581 1590 3641 certis
1645 3582 1883 3641 sedibus
1944 3580 2293 3642 habitarent
2353 3583 2416 3641 in
2462 3583 2647 3641 oculis

404 3673 534 3729 cum
579 3670 842 3729 omnium
886 3670 1189 3729 hominum
1236 3677 1364 3729 tum
1411 3670 1677 3748 ipsorum
1724 3671 2162 3749 episcoporum,
2220 3675 2382 3734 certo
2430 3674 2643 3731 tolera·

402 3760 552 3819 biles
597 3763 784 3818 erant.

579 3847 874 3907 Permulti
932 3853 1131 3906 autem
1189 3847 1234 3905 ii
1290 3848 1553 3926 episcopi
1609 3856 1670 3908 et
1715 3850 2052 3926 presbyteri
2098 3849 2172 3908 de
2216 3849 2457 3908 natione
2505 3849 2643 3909 Sco·

401 3944 616 4011 torum,
666 3936 769 4014 qui
814 3955 977 3995 more
1022 3937 1529 4014 peregrinantium
1574 3943 1770 3996 terras
1814 3945 2204 4016 peragrantes
2230 3939 2409 3998 modo
2438 3939 2504 3997 in
2535 3938 2647 3998 hoc

399 4027 574 4086 modo
620 4026 684 4085 in
728 4025 831 4084 illo
877 4026 1238 4085 monasterio
1269 4025 1692 4099 versabantur,
1738 4026 1801 4084 in
1845 4047 2127 4104 magnum
2173 4027 2499 4105 periculum
2543 4027 2646 4086 ad-

397 4116 698 4175 ducebant
752 4114 1205 4175 ecclesiasticam
1252 4114 1647 4193 disciplinam.
1740 4115 2096 4193 Quanquam
2143 4116 2299 4175 enim
2345 4116 2647 4175 nonnullis

401 4204 773 4264 monasteriis
819 4204 1037 4263 licebat
1080 4203 1158 4261 ad
1188 4203 1659 4263 administranda
1688 4203 2022 4263 ministeria
2053 4205 2413 4284 episcopalia
2444 4225 2646 4282 quem·

400 4293 550 4371 libet
582 4294 772 4354 accire
805 4293 1145 4373 episcopum
1172 4292 1267 4367 (cf.
1293 4292 1607 4370 Harttung
1636 4314 1694 4371 p.
1722 4293 1823 4351 29.
1869 4293 2145 4371 Loening
2168 4293 2256 4366 H,
2280 4316 2339 4373 p.
2362 4295 2488 4354 383
2510 4297 2645 4373 sq.),

400 4389 601 4444 tamen
617 4426 636 4457 ,
704 4382 936 4446 etiamsi
998 4380 1351 4462 peragendis
1418 4381 1755 4456 hujusmodi
1818 4382 2163 4442 ministeriis
2227 4384 2317 4442 illi
2380 4384 2645 4444 contenti
