3134 5034
1152 318 1586 380 ....51..

229 501 485 574 baram,
554 521 706 577 quae
765 501 1060 560 Hibernia
1130 523 1245 561 non
1311 522 1434 562 esse
1503 524 1622 561 non
1693 507 1907 580 potest.
1997 500 2161 580 Ergo
2222 509 2283 561 et
2341 502 2485 561 haec

232 590 457 669 opinio
504 591 824 666 rejicienda
868 597 974 650 est.

434 679 595 752 Quid
655 679 882 740 restat?
953 679 1223 738 Tertium
1285 686 1399 752 est,
1459 687 1528 738 ut
1589 686 1864 757 putemus
1925 686 1985 738 et
2029 680 2365 740 Palladium
2426 687 2487 740 et

233 768 583 827 Patricium
631 770 692 826 in
724 768 1017 827 Hibernia
1046 767 1292 827 verbum
1330 769 1427 826 dei
1472 769 1855 846 praedicasse.
1929 767 2022 828 At
2063 770 2220 829 unde
2265 772 2485 829 factum

237 865 367 930 est,
432 864 502 916 ut
563 858 748 917 omnis
809 857 1067 916 Palladii
1127 859 1407 915 memoria
1460 858 1620 935 apud
1675 856 1883 917 Scotos
1939 859 2351 918 evanesceret?
2420 865 2488 918 ut

236 945 556 1006 Patricius
587 947 839 1006 Palladii
872 946 1232 1005 mentionem
1279 967 1397 1005 non
1443 946 1705 1005 faceret?
1752 946 1869 1006 Sed
1914 948 2024 1006 hoc
2069 950 2324 1007 alterum
2370 969 2489 1007 non

239 1056 552 1114 premam,
615 1036 755 1112 quia
813 1035 1109 1095 Patricius
1167 1036 1401 1094 omnino
1458 1036 1759 1094 hominum
1814 1037 2052 1094 nomina
2097 1057 2214 1095 non
2259 1039 2488 1116 profert

243 1125 401 1201 (vid.
434 1145 592 1203 supr.
624 1147 682 1203 p.
717 1125 851 1203 48).
943 1125 1250 1199 Quomodo
1298 1144 1438 1184 vero
1484 1126 1705 1184 factum
1753 1131 1865 1198 est,
1926 1132 1996 1184 ut
2038 1126 2370 1205 Prosperus
2416 1126 2488 1185 de

243 1214 522 1273 Patricio
570 1215 654 1272 nil
702 1214 978 1273 audiret?
1026 1213 1092 1273 Si
1138 1215 1198 1272 in
1230 1213 1412 1273 Italia
1456 1215 1574 1274 fuit
1604 1213 1917 1288 Patricius,
1965 1216 2229 1292 profecto
2276 1217 2489 1274 mirum

245 1311 363 1378 est,
415 1304 574 1380 quod
618 1304 949 1380 Prosperus
995 1304 1067 1362 de
1116 1324 1183 1362 60
1230 1305 1415 1363 verba
1461 1324 1582 1362 non
1627 1304 1783 1362 fecit.
1874 1302 1960 1363 Iis
2006 1313 2227 1378 autem,
2275 1306 2489 1381 quibus

243 1395 411 1452 forte
457 1395 520 1451 in
566 1394 863 1470 prioribus
917 1393 1175 1452 nondum
1228 1394 1649 1471 persuaserim,
1709 1392 1975 1452 Patricio
2030 1414 2160 1453 cum
2207 1395 2490 1453 Romanis

248 1484 517 1558 aliquam
578 1482 1058 1542 consuetudinem
1116 1482 1322 1555 fuisse,
1367 1483 1640 1541 ultimam
1699 1503 1768 1541 ac
1831 1502 2163 1560 supremam
2224 1503 2490 1562 propono

252 1571 690 1648 quaestionem,
737 1572 1028 1648 quomodo
1074 1573 1296 1630 factum
1343 1573 1447 1644 sit,
1494 1577 1564 1630 ut
1609 1572 1802 1644 Beda,
1864 1573 1958 1630 cui
2004 1574 2190 1633 multa
2235 1573 2307 1631 de
2351 1572 2490 1635 Sco·

250 1669 454 1720 torum
502 1661 747 1720 ecclesia
791 1667 933 1719 nota
980 1667 1176 1732 erant,
1239 1660 1341 1737 qui
1395 1661 1512 1719 alia
1566 1661 1792 1720 leviora
1853 1661 2124 1721 audierat
2168 1663 2243 1720 ab
2291 1662 2492 1720 amicis

250 1750 536 1827 Egberti,
603 1751 706 1827 qui
766 1747 980 1809 diutim
1032 1748 1095 1808 in
1140 1746 1432 1810 Hibernia
1486 1769 1601 1832 pro
1650 1746 1880 1810 CVM-isto
1934 1747 2269 1810 affidaverat
2313 1751 2395 1827 (h.
2442 1772 2491 1809 e.

256 1840 316 1912 3,
364 1840 421 1896 4.
467 1839 502 1916 ξ
552 1841 705 1912 161;
754 1841 810 1912 5,
856 1840 911 1895 9.
958 1840 994 1916 ξ
1037 1840 1161 1897 376
1205 1841 1360 1916 sqq.)
1416 1840 1488 1897 de
1544 1838 1809 1899 Patricio
1869 1839 1954 1897 nil
2013 1840 2248 1899 dixerit.
2335 1841 2493 1900 Num

257 1929 542 1987 credibile
599 1935 689 1987 est
747 1928 991 2001 Bedam‚
1054 1929 1501 2005 investigandae
1556 1929 1935 2006 antiquitatis
1982 1929 2492 2001 studiosissimum,

256 2038 560 2093 nunquam
633 2018 708 2076 ab
769 2018 867 2089 iis,
939 2019 1043 2093 qui
1108 2018 1389 2095 permulti
1459 2024 1601 2076 tunc
1667 2038 1740 2075 ex
1799 2016 2026 2093 Anglia
2086 2016 2170 2076 ad
2227 2014 2496 2097 leyendas

265 2103 588 2183 scripturas
632 2126 832 2166 sacras
879 2107 937 2163 111
987 2106 1342 2166 Hiberniam
1378 2107 1915 2184 transmigrabant,
1962 2106 2258 2166 audivisse
2290 2106 2496 2166 Scotos

264 2195 529 2253 venerari
583 2195 910 2255 Patricium
964 2196 1220 2273 primum
1277 2196 1608 2254 Hiberniae
1662 2195 2042 2273 episcopum?
2110 2196 2275 2273 Ergo
2331 2196 2497 2254 Beda

260 2290 365 2342 aut
425 2285 497 2342 de
557 2284 850 2358 Patricio,
911 2292 1123 2363 utpote
1184 2305 1299 2343 non
1361 2306 1396 2343 a
1453 2285 1743 2345 Romanis
1801 2285 2004 2358 misso,
2068 2287 2248 2345 verba
2306 2287 2498 2345 facere

261 2374 458 2432 noluit
505 2373 780 2447 (Schoell‚
827 2374 1069 2451 Herzog
1097 2373 1173 2432 R.
1217 2374 1288 2435 E.
1328 2376 1425 2447 ll,
1471 2397 1529 2452 p.
1564 2376 1737 2452 209),
1792 2408 1867 2419 —-
1919 2375 2078 2450 quod
2123 2381 2335 2452 putare
2379 2395 2498 2433 non

262 2463 404 2521 licet
437 2469 498 2520 et
535 2463 675 2538 quia
710 2462 875 2521 Beda
906 2483 1022 2521 non
1067 2464 1118 2521 is
1165 2468 1270 2536 est,
1318 2464 1412 2521 cui
1459 2463 1571 2522 hoc
1618 2464 1939 2542 opprobrio
1985 2463 2203 2535 demus,
2252 2470 2312 2522 et
2358 2462 2498 2540 quia

265 2551 588 2611 absurdum
636 2557 726 2610 est
770 2573 877 2628 per
921 2571 1000 2624 se,
1048 2552 1188 2627 quia
1226 2552 1521 2612 Patricius
1566 2554 1707 2612 licet
1750 2553 1974 2611 nullam
2018 2552 2322 2612 habuisset
2367 2573 2499 2612 cum

264 2640 552 2699 Romanis
598 2641 1104 2714 consuetudinem,
1163 2648 1363 2700 tamen
1418 2663 1454 2700 a
1507 2642 1795 2701 Romanis
1850 2647 2010 2700 certo
2065 2643 2228 2700 nulla
2273 2663 2336 2700 re
2383 2643 2497 2700 dis·

271 2730 564 2789 sentiebat
628 2764 699 2772 -
719 2775 733 2801 ,
803 2738 907 2790 aut
967 2730 1122 2789 sicut
1181 2732 1447 2788 nonnulli
1511 2731 1774 2806 ejusdem
1835 2731 2119 2806 temporis
2179 2731 2344 2790 Scoti
2404 2732 2499 2805 (cf.

276 2838 445 2893 supra
490 2840 547 2896 p.
597 2818 708 2895 43)
753 2819 1084 2878 Patricium
1132 2819 1380 2877 eundem
1436 2839 1561 2878 esse
1617 2826 1796 2895 atque
1843 2819 2177 2877 Palladium
2224 2820 2500 2896 opinatus

279 2911 379 2964 est.
467 2907 602 2967 Hac
647 2907 899 2984 denique

447 3002 662 3073 quarta
738 2997 968 3055 ratione
1041 2997 1191 3055 solvi
1264 3017 1434 3074 posse
1518 3003 1784 3056 nostram
1862 2995 2267 3073 quaestionem
2340 2997 2500 3072 equi-

274 3084 402 3141 dem
472 3106 811 3162 persuasum
893 3086 1038 3144 mihi
1116 3086 1321 3144 habeo.
1443 3085 1618 3160 Quod
1688 3085 1791 3163 qui
1868 3086 2093 3163 primus
2172 3085 2504 3163 suspicatus

277 3180 379 3245 est,
426 3170 747 3233 Schoellius
794 3175 956 3251 (diss.
1002 3195 1059 3251 p.
1109 3177 1234 3250 77),
1283 3181 1491 3253 postea
1537 3176 1820 3252 (Herzog,
1864 3176 1940 3234 R.
1985 3176 2056 3232 Ε.
2113 3175 2210 3248 11,
2256 3196 2313 3252 p.
2349 3176 2503 3252 209)

276 3262 421 3321 hanc
480 3264 814 3340 opinionem
896 3264 1188 3342 deposuit.
1295 3264 1467 3323 Unde
1545 3264 1725 3322 nolim
1807 3265 2049 3340 colligas
2129 3265 2503 3322 immaturam

279 3372 397 3411 esse
453 3372 598 3411 eam.
687 3354 785 3411 Ex
843 3353 1138 3413 contrario
1210 3354 1412 3413 multis
1481 3353 1847 3430 argumentis
1908 3352 2244 3410 confirmari
2289 3359 2504 3430 potest.

277 3441 423 3500 Nam
484 3441 677 3518 primo
742 3444 899 3520 quod
957 3450 1017 3501 et
1070 3442 1403 3500 Palladium
1466 3449 1528 3502 et
1582 3442 1910 3501 Patricium
1970 3441 2212 3501 ineunte
2273 3443 2503 3503 saeculo

282 3530 480 3606 quinto
528 3531 588 3588 in
631 3531 985 3591 Hiberniam
1031 3532 1262 3591 venisse
1309 3532 1589 3591 credibile
1637 3552 1753 3590 non
1802 3537 1893 3590 est
1931 3533 2029 3606 (cf.
2061 3551 2240 3608 supra
2293 3532 2322 3588 1
2339 3532 2505 3608 —3),

283 3620 459 3678 altero
522 3621 681 3694 quod
740 3620 908 3679 Beda
968 3622 1039 3679 de
1099 3621 1362 3680 Patricio
1423 3621 1607 3680 verba
1667 3641 1784 3679 non
1854 3620 2023 3694 fecit,
2106 3620 2286 3679 tertio
2349 3620 2506 3697 quod

281 3708 432 3766 nulla
511 3713 706 3766 exstat
781 3710 938 3786 apud
1016 3708 1225 3769 Scotos
1303 3711 1525 3768 mentio
1605 3709 1863 3768 Palladii
1949 3709 2067 3768 nisi
2144 3709 2303 3786 apud
2391 3730 2505 3782 eos,

284 3797 380 3873 qui
424 3797 706 3874 Prosperi
765 3799 1165 3857 narrationem
1227 3806 1653 3876 cognoverant,
1725 3805 1938 3877 quarto
2003 3799 2160 3875 quod
2222 3799 2359 3857 talis
2418 3804 2509 3856 est

285 3886 539 3944 Patricio
588 3907 721 3945 cum
766 3886 1039 3946 Palladio
1085 3888 1337 3946 nominis
1382 3890 1676 3961 vicinitas,
1726 3909 1877 3965 quae
1923 3889 2097 3947 facile
2143 3888 2204 3945 111
2252 3908 2508 3946 errorem

286 3975 565 4034 adducere
612 3977 879 4053 potuerit
924 3976 1302 4054 Prosperum,
1352 3978 1561 4054 quinto
1610 3978 1770 4054 quod
1816 3977 2020 4037 eodem
2068 3997 2221 4035 anno
2270 3977 2397 4034 432
2446 3976 2507 4033 in

287 4065 626 4123 Hiberniam
682 4066 911 4125 venisse
967 4064 1227 4125 traditur
1282 4067 1588 4127 Palladius
1645 4088 1680 4126 a
1736 4066 2058 4144 Prospero,
2121 4065 2418 4125 Patricius
2474 4086 2508 4124 a

291 4152 604 4212 Tirechano
632 4152 657 4188 1
711 4189 783 4198 --
800 4200 814 4229 ,
862 4162 1030 4214 sexto
1078 4155 1331 4231 denique
1379 4157 1539 4233 quod
1584 4155 1889 4215 Palladius
1935 4156 2035 4214 ille
2081 4154 2362 4232 Prosperi
2407 4175 2507 4212 na-

455 4294 477 4325 ²
514 4262 859 4347 'lfirechanus
915 4294 1159 4347 secundo
1221 4294 1372 4364 regis
1423 4293 1678 4362 Logairii
1736 4311 1883 4347 611110
1932 4292 2241 4348 Patricium
2288 4292 2509 4345 venisse

290 4363 553 4431 prodidit,
594 4380 787 4432 regem
825 4370 1013 4418 autem
1050 4365 1208 4418 illum
1248 4366 1315 4418 33
1354 4382 1529 4419 annos
1567 4381 1831 4436 regnasse
1867 4368 2109 4418 testatur
2147 4362 2411 4432 (Betham
2448 4362 2510 4416 H

293 4452 405 4503 app.
444 4453 498 4504 p.
540 4434 731 4505 XIX).
811 4435 983 4505 Ergo,
1024 4437 1070 4489 si
1109 4436 1406 4506 Logairius
1445 4455 1589 4490 anno
1627 4436 1731 4491 463
1770 4440 2021 4489 mortuus
2060 4440 2147 4488 est
2184 4434 2399 4504 (Skene
2426 4434 2507 4500 Π,

2007 4524 2082 4577 4*
