3134 5034
1191 323 1626 380 -73-

284 501 637 560 monachum
689 498 754 557 in
803 499 1188 557 matrimonio
1241 499 1540 559 viventem
1585 498 1910 558 inveniesne
1921 497 1963 571 ¹,
2018 498 2197 556 immo
2243 499 2531 575 reperisse

281 589 449 667 apud
475 587 901 648 Adamanum
932 588 1439 647 narratiunculam
1467 587 1787 664 quandam,
1816 607 1972 664 quae
1998 587 2349 665 comprobet
2388 586 2528 647 Sco·

283 684 483 737 torum
508 677 750 738 clericos
773 676 993 736 vixisse
1012 677 1081 735 in
1102 676 1520 751 „castitate“
1539 676 1886 735 monachica
1896 676 2184 752 (Adamn.
2201 676 2308 736 vit.
2327 675 2454 735 001.
2470 676 2530 750 2,

286 767 674 850 55,p.217:
713 774 772 825 et
811 761 2056 848 qtsiaidemNhomoplebqy’usev-meum
2085 782 2268 825 uxore
2297 762 2530 848 etfiliis,

282 852 393 916 hoc
451 854 626 915 etiam
687 853 744 914 ei
795 854 889 913 m'r
935 852 1138 915 beatas
1191 851 1593 915 benedictam&
1638 861 2019 935 mmmmm
2055 851 2248 914 inmlit
2302 853 2531 914 dicens:

279 943 395 1005 erit
436 962 629 1004 semen
671 951 838 1002 tamma
879 942 1027 1023 aa).
1625 1014 1631 1019 ἢ

468 1032 818 1092 Sanctorum
857 1032 1113 1109 denique
1141 1032 1306 1110 apud
1327 1031 1542 1091 Sontas
1574 1032 1817 1091 summis
1848 1031 1912 1089 in
1943 1028 2265 1092 honoribus
2295 1032 2529 1091 habito-

277 1141 421 1181 rum
465 1122 653 1181 multa
698 1127 985 1180 occurant
1030 1122 1317 1199 exempla.
1398 1119 1698 1180 ‘omittam
1740 1125 2099 1197 argumenta
2142 1139 2217 1177 ex
2261 1120 2530 1196 reliquiis

275 1210 579 1287 liturgicis
624 1210 952 1289 desumpta,
1000 1229 1140 1269 nam
1185 1230 1318 1269 cum
1364 1207 1477 1269 hae
1512 1227 1722 1269 omnes
1752 1207 1986 1268 saeculo
2017 1209 2268 1286 septimo
2298 1209 2530 1287 priores

280 1318 408 1357 non
470 1299 592 1357 sint
652 1298 960 1373 (Warren,
1018 1320 1078 1377 p.
1134 1299 1310 1375 155),
1369 1318 1489 1358 non
1550 1299 1677 1358 sine
1738 1317 1920 1375 opera
1960 1296 2370 1356 Romanorum
2431 1315 2530 1355 eas

277 1388 645 1465 compositas
697 1407 828 1446 esse
873 1387 1150 1446 Εἶναι-ἆυ
1206 1388 1458 1446 forsitan
1513 1388 1697 1446 liceat
1749 1387 2104 1446 contendere
2151 1388 2248 1462 (cf.
2290 1403 2351 1463 p.
2404 1383 2522 1443 121
2602 1411 2610 1419 ·

278 1483 349 1535 et
394 1496 452 1553 p.
502 1475 675 1553 515),
729 1476 855 1549 sed,
911 1477 968 1535 si
1010 1476 1177 1549 libet,
1222 1477 1426 1536 videas
1471 1476 1761 1535 Oumeani
1799 1475 2117 1553 epistulam
2164 1477 2250 1553 (p.
2300 1476 2410 1551 21)
2450 1475 2530 1533 de

279 1563 509 1625 Sancto
572 1563 866 1641 Gregorio
928 1586 1089 1643 papa
1143 1565 1443 1625 dicentem
1499 1570 1565 1623 et
1620 1564 1969 1623 Adamnani
2022 1563 2313 1642 plurimos
2370 1564 2531 1622 locos

278 1655 372 1729 (2,
411 1654 511 1726 74,
543 1674 600 1731 p.
633 1654 793 1725 2243
834 1654 892 1726 2,
927 1654 1031 1727 81,
1059 1675 1118 1732 p.
1154 1656 1308 1725 2263
1358 1655 1415 1728 2,
1449 1654 1551 1727 82,
1597 1673 1656 1731 p.
1688 1654 1862 1729 226).
1940 1652 2165 1726 Quodsi
2210 1652 2532 1711 secundum

275 1762 360 1800 ex
401 1742 526 1801 illis
554 1740 901 1802 Adamnani
944 1742 1092 1801 locis
1135 1743 1370 1820 legeris,
1416 1761 1533 1818 quo
1580 1746 1788 1801 narrat
1833 1761 1895 1800 se
1938 1741 2134 1819 ipsum
2178 1759 2311 1800 cum
2356 1740 2531 1800 sociis

279 1832 584 1907 quondam
601 1831 909 1890 invocasse
921 1830 1375 1892 &columbam
1389 1832 1492 1890 his
1503 1831 1730 1890 verbis:
1757 1826 2032 1889 Placetne
2040 1827 2165 1900 abi,
2185 1827 2399 1889 Sancte
2412 1872 2428 1887 .
2446 1821 2530 1887 ...9

283 1915 494 2002 Facile
542 1918 648 1979 tibi
689 1927 789 1991 est,
821 1962 837 1977 .
865 1963 885 1977 ..
919 1963 931 1977 .
949 1962 967 1991 ,
1015 1939 1055 1977 α
1091 1918 1331 1980 domim
1361 1919 1696 1999 inpetrare,
1738 1927 1804 1978 ut
1834 1961 1848 1976 .
1883 1962 1897 1976 .
1926 1924 2092 1977 cetto
2122 1918 2332 1976 melius
2360 1917 2530 1976 testi·

278 2008 549 2068 monium
608 2028 729 2067 non
783 2007 1150 2067 desiderabis
1193 2010 1296 2083 (cf.
1337 2007 1583 2067 'Ebrard
1629 2029 1687 2084 p.
1742 2009 1771 2065 1
1789 2008 1913 2081 18).
2001 2004 2119 2082 His
2179 2006 2367 2081 igitur
2427 2006 2529 2064 ab·

277 2097 498 2156 solutis
556 2104 618 2156 et
675 2097 742 2155 in
803 2102 1111 2175 posterum
1124 2141 1137 2168 ,
1199 2116 1351 2174 quae
1407 2096 1483 2155 de
1527 2095 1821 2155 Columba
1865 2094 2234 2155 Luxoviensi
2278 2094 2528 2152 dicenda

277 2189 443 2259 sunt,
488 2185 804 2246 reservatis
848 2186 1108 2258 tandem,
1154 2191 1224 2245 ut
1265 2185 1641 2264 propositum
1684 2190 1796 2257 est,
1841 2201 2210 2260 quaeramus,
2253 2199 2410 2259 quae
2457 2203 2530 2241 ex

771 2361 1386 2445 nordanhymbrorum
1434 2360 1742 2428 ecclesiae
1790 2358 2041 2426 historia

279 2502 362 2562 de
411 2502 691 2561 ecclesiae
723 2501 1032 2563 Scotorum
1067 2512 1282 2565 natura
1328 2511 1390 2564 et
1435 2504 1700 2565 moribus
1732 2502 2003 2581 inprimis
2049 2502 2123 2562 de
2168 2502 2360 2562 causis
2391 2521 2526 2560 con·

278 2591 614 2653 troversiae
660 2598 790 2650 cum
836 2592 1125 2653 Romanis
1171 2593 1445 2671 cognosci
1489 2592 1739 2671 possint.

461 2679 541 2738 In
585 2679 1110 2758 Nordanhymbria
1155 2682 1329 2761 enim,
1375 2703 1559 2759 regno
1608 2681 1767 2742 inter
1808 2687 2036 2759 septem
2082 2677 2186 2738 illa
2229 2678 2530 2739 Saxonum

280 2790 473 2846 regna
513 2769 776 2828 omnium
807 2769 1081 2844 maximO,
1129 2767 1277 2829 duas
1307 2771 1598 2847 regiones,
1628 2769 1972 2828 Berniciam
2003 2775 2063 2828 et
2093 2769 2358 2842 Deiram,
2386 2788 2528 2827 con·

287 2857 531 2931 tinenti,
564 2856 732 2917 Scoti
764 2857 1043 2917 ecclesiae
1075 2858 1463 2918 fundamenta
1487 2861 1780 2933 jecerunt,
1829 2877 2167 2933 quanquam
2197 2877 2318 2915 non
2348 2855 2530 2934 primi

285 2945 805 3023 Nordanhymbris
851 2945 1223 3024 evangelium
1278 2944 1793 3026 praedicaverunt.
1885 2944 2039 3004 Nam
2087 2949 2321 3003 constat
2375 2964 2529 3003 anno

290 3036 419 3093 627
467 3033 807 3108 Paulinum,
868 3031 1200 3113 Augustini
1248 3033 1674 3094 Cantuarensis
1714 3033 2001 3111 ·episcopi
2060 3033 2313 3106 socium,
2371 3032 2531 3092 inter

284 3123 533 3183 comites
581 3122 1011 3200 Aedilbergae,
1074 3122 1532 3184 Cantuariorum
1594 3122 1754 3200 regis
1814 3122 2002 3195 filiae,
2056 3119 2340 3181 Aeduino
2398 3121 2533 3199 regi

278 3210 918 3288 Nordanhymbrorum
965 3218 1279 3290 nupturae,
1324 3209 1388 3270 in
1418 3211 2002 3287 Nordanhymbriam
2047 3211 2281 3271 venisse
2328 3210 2531 3287 ibique

283 3302 420 3381 ipso
468 3321 608 3378 rege
656 3304 718 3358 et
762 3301 972 3380 populi
1018 3322 1137 3359 non
1183 3321 1374 3379 parva
1420 3298 1802 3359 multitudine
1834 3299 1910 3358 ad
1940 3297 2129 3358 fidem.
2147 3298 2532 3360 christianam

284 3389 589 3449 conversis
633 3387 1032 3449 Eboracensis
1076 3388 1243 3449 urbis
1303 3388 1560 3467 primum
1608 3386 1905 3448 exstitisse
1953 3386 2291 3466 episcopum
2338 3385 2533 3463 (Beda

279 3479 344 3537 h.
392 3497 443 3536 e.
492 3479 552 3551 2,
589 3478 850 3554 9-17).
913 3476 1032 3537 Sed
1078 3497 1231 3555 quae
1278 3485 1422 3536 tunc
1465 3497 1603 3536 cum
1648 3476 1712 3535 in
1748 3472 2031 3535 Bernicia
2076 3481 2207 3535 tum
2251 3471 2315 3535 in
2346 3471 2533 3535 Deira

283 3568 384 3642 (cf.
429 3565 655 3643 Bright
701 3587 760 3643 p.
815 3565 935 3625 119
984 3568 1098 3644 sq.)
1145 3564 1407 3625 effloruit
1453 3563 1699 3624 ecclesia
1755 3584 1894 3628 mox
1947 3570 2118 3624 tanta
2174 3569 2531 3644 tempestate

284 3661 378 3716 est
422 3655 652 3727 invasa,
696 3660 767 3714 ut
814 3676 942 3714 eam
989 3674 1129 3714 suus
1175 3654 1430 3733 amplius
1473 3654 1728 3714 nesciret
1757 3654 1938 3712 locus.
1997 3651 2178 3713 Anno
2213 3654 2368 3713 enim
2404 3653 2530 3713 633

434 3849 456 3879 ¹
495 3846 690 3900 Verba
707 3861 823 3899 non
844 3843 956 3898 feci
974 3844 1046 3898 de
1059 3842 1374 3898 Tirechano
1395 3846 1663 3898 narrante
1677 3842 1947 3912 (Betham
1957 3843 2036 3908 H,
2050 3861 2183 3913 app.
2196 3861 2253 3912 p.
2267 3842 2530 3911 XXDQ:

283 3916 621 3981 Patricium,
650 3918 951 3984 postquam
976 3914 1104 3968 loco
1131 3914 1376 3982 quodam
1402 3913 1701 3968 ecclesiam
1728 3917 2113 3967 consecrasset
2136 3915 2276 3967 haec
2298 3913 2536 3967 dixissei

284 3991 454 4043 erunt
495 3985 729 4056 episcopi
773 3984 896 4040 bom'
939 3984 1027 4038 hic
1061 3987 1114 4038 et
1148 3983 1210 4039 de
1245 3985 1447 4039 semine
1481 3985 1701 4038 illorum
1737 3988 1899 4039 erunt
1932 3984 2190 4039 benedicti
2223 3983 2287 4039 in
2321 3984 2536 4039 saecula

283 4060 351 4114 in
389 4058 646 4112 cathedra
680 4058 797 4121 hm,
834 4072 968 4108 nam
1004 4055 1249 4123 primum
1283 4056 1555 4109 obscurus
1595 4060 1683 4108 est
1714 4060 1872 4109 totus
1908 4056 2008 4108 ille
2044 4056 2203 4109 locus
2228 4085 2296 4097 —
2323 4056 2395 4110 de
2420 4056 2533 4123 spi·

283 4129 589 4184 ritualibus
641 4129 792 4182 enim
841 4126 973 4180 filiis
1021 4126 1245 4180 locutus
1296 4143 1418 4180 esse
1467 4126 1698 4179 videtur
1746 4126 2028 4182 Patricius
2081 4126 2180 4195 (cf.
2229 4127 2368 4180 ibid.
2415 4125 2536 4194 filia

285 4203 483 4256 sancta
519 4198 784 4268 Patricii)
827 4228 896 4238 --
934 4196 1141 4250 deinde
1187 4213 1303 4250 non
1352 4197 1465 4250 suis
1513 4195 1703 4250 verbis
1742 4214 1873 4251 usus
1912 4201 2000 4251 est
2034 4196 2318 4251 Patricius
2359 4196 2537 4266 (quod

289 4271 525 4341 quidem
564 4269 911 4324 Tirechanus
958 4268 1177 4335 narrat)
1227 4267 1328 4321 sed
1372 4266 1561 4320 verbis
1609 4266 1744 4320 libri
1790 4266 1932 4323 Gen.
1973 4267 2057 4333 12,
2099 4269 2146 4334 3,
2198 4267 2440 4337 denique
2490 4265 2536 4320 si

285 4343 690 4412 episcoporum
737 4339 845 4393 filii
892 4338 1179 4391 naturales
1229 4340 1417 4391 essent
1451 4336 1854 4408 intellegendi,
1905 4336 2060 4393 idem
2098 4338 2170 4392 (le
2205 4337 2314 4393 hac
2350 4355 2413 4392 re
2452 4337 2536 4391 di·

289 4413 536 4467 cendum
574 4415 740 4476 esset,
779 4410 932 4479 quod
963 4426 1135 4478 supra
1161 4408 1277 4463 dixi
1301 4408 1375 4462 de
1402 4408 1798 4477 episcoporum
1821 4409 2123 4465 Britonum
2146 4409 2535 4465 matrimoniis.
