3134 5034
1462 301 1900 360 —94—

551 482 766 558 quibus
796 502 980 541 unum
1003 483 1195 542 Jonas
1225 482 1573 556 nominavit,
1606 483 1766 559 quod
1791 481 1957 542 Scoti
1985 501 2159 543 sacra
2181 480 2499 541 massarum
2521 476 2802 540 solemnia

548 569 881 630 orationum
939 579 992 629 et
1044 568 1414 631 collectarum
1467 567 1778 650 multiplici
1827 568 2102 631 varietate
2150 570 2527 630 celebrarent
2572 571 2646 644 (c.
2699 571 2800 642 10,

545 680 604 737 p.
658 660 782 716 120
831 660 902 718 cf.
973 660 1229 718 Warren
1273 682 1332 738 p.
1375 662 1455 741 925
1504 662 1678 736 sqq.)‚
1725 665 1972 733 ceteros,
2020 680 2152 720 cum
2181 658 2532 737 Agrestium
2577 658 2803 717 faceret

546 748 840 808 dicentem
880 756 968 822 „et
996 745 1186 808 multa
1214 745 1338 807 alia
1367 745 1699 830 quoerfluff
1730 749 1864 828 pari
1894 749 2069 809 modo
2095 756 2278 825 atque
2300 747 2470 807 Beda
2495 748 2595 822 (cf.
2619 767 2797 825 supra

547 860 605 916 p.
656 836 765 913 25)
814 837 1052 896 levioris
1097 837 1383 897 momenti
1431 857 1556 897 esse
1602 838 1909 898 indicavit.

728 925 899 984 Haec
945 932 1084 985 sunt
1131 946 1283 1003 quae
1330 933 1573 986 exstant
1615 926 1999 985 dimensionis
2042 925 2391 986 tentimonia
2432 929 2673 1003 praeter
2717 924 2797 996 id,

550 1014 710 1092 quod
755 1014 990 1092 saepius
1028 1015 1337 1074 invenitur
1364 1014 1695 1092 generatim
1726 1020 1788 1074 et
1818 1015 2155 1073 summatim
2187 1014 2415 1074 dictum
2448 1009 2801 1072 Columbam

547 1123 586 1162 a
616 1111 935 1163 ceterorum
973 1101 1233 1164 movibus
1272 1102 1581 1163 desciscere
1610 1103 1957 1181 (Agrestius
1988 1104 2149 1181 apud
2176 1104 2317 1162 Jon.
2351 1102 2457 1162 vit.
2486 1101 2659 1161 Eust.
2696 1102 2798 1172 10,

546 1214 604 1271 p.
633 1193 784 1268 120)
809 1193 904 1251 vel
926 1190 1003 1251 ab
1025 1191 1287 1252 omnium
1308 1189 1698 1253 saecularium
1721 1211 1884 1252 more
1909 1192 2218 1253 desciscere
2241 1191 2311 1268 (J
2312 1212 2404 1250 on.
2422 1191 2529 1250 vit.
2546 1189 2673 1250 Col.
2693 1191 2795 1260 33,

546 1304 604 1362 p.
636 1283 744 1358 19)
776 1281 872 1341 vel
902 1280 1167 1341 omnibus
1195 1300 1313 1340 non
1343 1279 1559 1340 sociari
1586 1281 1877 1359 (ibidem).
1941 1283 2208 1356 Quorum
2238 1281 2487 1340 tertium
2522 1312 2602 1324 —
2638 1279 2798 1356 quod

531 1371 839 1431 Columba
869 1371 1142 1429 omnibus
1172 1391 1292 1428 non
1324 1369 1539 1429 sociari
1570 1371 1794 1431 dicitur
1831 1405 1904 1415 --
1942 1371 2103 1429 haud
2135 1370 2254 1429 scio
2288 1390 2364 1428 an
2398 1368 2644 1443 majoris
2675 1377 2794 1426 m’o·

545 1459 734 1518 menti
764 1459 863 1532 sit,
896 1479 1075 1535 quam
1103 1459 1219 1518 tibi
1244 1459 1536 1519 videatur.
1606 1459 1777 1519 Idem
1803 1460 1958 1518 enim
1981 1460 2345 1518 Laurentius
2371 1456 2795 1517 Cantuarensis

547 1549 872 1608 Columbae
904 1548 1138 1607 crimini
1170 1548 1336 1609 dedit
1365 1549 1568 1609 dicens
1608 1569 1671 1608 se
1698 1567 1818 1628 per
1851 1545 2198 1609 C'olumbam
2228 1545 2496 1607 abbatem
2524 1544 2795 1605 didicisse

547 1631 749 1697 Scotos
792 1634 879 1695 m'l
920 1635 1256 1718 discrepare
1299 1658 1339 1696 a
1382 1635 1732 1699 Brdortibas
1777 1636 1840 1696 in
1885 1656 2088 1697 eorum
2131 1633 2556 1695 conversatione
2601 1634 2794 1711 (Beda

545 1726 602 1783 h.
636 1746 684 1784 e.
720 1725 778 1796 2,
812 1725 869 1797 4,
902 1727 937 1803 ξ
973 1727 1098 1802 98),
1144 1726 1347 1785 idem
1330 1745 1460 1805 ipse
1490 1727 1781 1786 Columba
1813 1726 2146 1799 confitetur,
2179 1745 2311 1784 cum
2343 1724 2552 1784 scribit
2583 1725 2701 1801 (ep.
2739 1724 2791 1795 1,

546 1835 604 1893 p.
640 1814 723 1873 24
757 1768 1130 1889 ⁷1³⁸)·constat
1173 1835 1280 1875 nos
1326 1816 1465 1893 [etsi
1510 1816 1575 1874 in
1607 1814 1806 1874 Gallia
1853 1815 2076 1891 sumus]
2107 1812 2170 1872 in
2199 1822 2402 1874 nostra
2431 1831 2548 1872 esse
2569 1810 2792 1894 patna,

453 1897 455 1899 ’
546 1902 689 1962 dum
734 1899 932 1962 nullas
975 1902 1223 1964 istorum
1267 1903 1615 1985 suscipimus
1659 1899 1891 1985 regulas
1925 1898 2255 1973 Gallorum,
2299 1901 2404 1962 sed
2446 1900 2510 1960 in
2555 1898 2792 1962 desertis

545 1990 816 2064 sedentes,
860 1990 1011 2052 nulli
1049 1991 1291 2065 molesti,
1336 2014 1470 2053 cum
1513 2001 1849 2053 nostrorum
1893 1989 2106 2073 reyulis
2149 2009 2454 2051 manemus
2482 1989 2790 2050 seniorum.

545 2080 721 2140 Unde
767 2081 1148 2142 manifestum
1196 2089 1310 2155 est,
1371 2082 1584 2143 Scotos
1628 2083 1762 2142 illos
1810 2083 2259 2160 peregrinantes
2303 2081 2681 2157 nequaquam
2726 2083 2794 2136 ut

546 2172 899 2249 apostolum,
947 2173 1051 2247 qui
1104 2171 1428 2254 „quibusvis
1473 2170 1738 2253 quidvis“
1791 2176 1938 2244 erat,
1985 2169 2358 2247 evangelium
2403 2167 2790 2247 praedicasse,

547 2260 651 2319 sed
696 2259 915 2338 potius,
964 2261 1184 2340 quippe
1216 2261 1320 2337 qui
1351 2261 1626 2319 monachi
1655 2265 1869 2332 essent,
1916 2260 2193 2318 maluisse
2222 2256 2285 2317 in
2314 2255 2549 2317 desertis
2579 2255 2791 2324 sedere,

547 2368 725 2424 quam
773 2355 1079 2409 versantes
1124 2351 1189 2408 in
1230 2355 1400 2409 coetu
1429 2349 1734 2407 hominum
1765 2347 2219 2426 frequentiaque
2251 2353 2490 2406 strenue
2520 2346 2792 2404 laborare

543 2438 609 2497 in
655 2439 1020 2516 corrigendis
1066 2441 1217 2499 aliis.
1507 2455 1514 2462 “

721 2527 1035 2605 Perpauca
1065 2529 1255 2606 igitur
1286 2535 1424 2587 sunt
1454 2527 1838 2587 dissensionis
1868 2525 2229 2598 testimonia,
2274 2525 2591 2603 permulta,
2640 2544 2791 2602 quae

544 2617 930 2693 comprobent
976 2615 1325 2676 Columbam
1372 2622 1434 2676 et
1477 2635 1631 2689 suos,
1681 2613 1950 2692 quamvis
1997 2614 2218 2674 diversi
2262 2613 2487 2672 fuerint
2532 2616 2608 2674 ab
2657 2613 2791 2672 aliis

542 2704 812 2764 nonnulli
859 2725 1063 2765 eorum
1109 2700 1320 2779 mores,
1368 2712 1568 2765 tamen
1614 2705 1733 2765 fide
1777 2723 2155 2783 nequaquam
2194 2722 2387 2780 neque
2417 2722 2681 2781 unquam
2713 2704 2790 2761 ab

539 2796 773 2855 unitate
822 2795 1114 2855 catholica
1158 2795 1521 2855 dissensisse.

717 2886 764 2945 J
764 2905 870 2943 ure
932 2885 1172 2962 quidem
1233 2885 1397 2943 dicat
1454 2884 1708 2944 fortasse
1754 2883 2048 2961 quispiam
2095 2882 2168 2941 de
2214 2881 2338 2940 sola
2383 2880 2501 2939 fide
2547 2887 2791 2940 sanctae

541 2975 861 3035 Trinitatis
908 2974 1257 3034 Columbam
1316 2972 1561 3045 dixisse,
1622 2992 1753 3030 cum
1808 2993 2028 3051 papam
2074 2975 2274 3029 oraret
2327 2988 2470 3049 „per
2512 2968 2792 3030 unitatem

516 3063 675 3166 fidei
715 3070 968 3133 nostrae,
1015 3081 1162 3143 quae
1203 3059 1445 3120 invicem
1484 3065 1600 3120 est“
1639 3062 1758 3138 (ep.
1794 3063 1851 3135 1,
1896 3082 1952 3139 p.
1988 3061 2073 3118 24
2103 3059 2204 3136 Ε).
2282 3056 2402 3117 Sed
2434 3058 2580 3135 quid
2608 3058 2790 3130 dicat,

521 3154 591 3212 si
637 3151 846 3210 audiat
877 3150 1226 3209 Golumbam
1272 3150 1564 3208 dicentem
1612 3150 1689 3208 ad
1734 3157 1939 3228 patres
1985 3148 2198 3225 synodi
2228 3151 2345 3226 (ep.
2380 3150 2437 3221 2,
2469 3170 2527 3226 p.
2563 3147 2647 3205 25
2674 3145 2788 3225 G):

540 3239 738 3320 capiat
780 3257 887 3298 nos
931 3237 1134 3310 simul,
1183 3257 1303 3312 ore,
1354 3233 1585 3310 Gallia,
1631 3256 1776 3319 quos
1822 3236 2010 3318 capiet
2051 3256 2297 3318 requam
2343 3233 2634 3297 coeloram
2678 3281 2694 3295 .
2725 3280 2741 3295 .
2774 3281 2790 3296 .

550 3325 750 3389 Unum
793 3326 946 3387 enim
988 3347 1233 3409 requam
1278 3324 1555 3388 habemus
1600 3335 1653 3386 et
1695 3346 1878 3386 unam
1907 3345 2071 3406 spem
2099 3324 2412 3385 vocationis
2440 3323 2504 3384 in
2539 3321 2786 3398 Clm'stO,

540 3425 600 3479 et
646 3419 722 3478 ad
770 3419 1004 3477 eosdem
1051 3439 1106 3495 p.
1158 3419 1238 3475 26
1282 3417 1368 3476 E:
1415 3415 1589 3475 unius
1635 3414 1789 3475 enim
1834 3435 2036 3475 sumus
2081 3413 2343 3494 emporis
2389 3411 2787 3473 commembra

538 3507 655 3567 sive
704 3501 875 3567 Galli
914 3505 1032 3566 sive
1076 3504 1367 3566 Britanni
1406 3504 1523 3564 sive
1570 3502 1733 3564 Iberi
1773 3502 1887 3565 sive
1931 3523 2188 3585 quaeque
2229 3511 2419 3583 qentes
2452 3546 2469 3561 .
2503 3547 2516 3561 .
2550 3495 2608 3561 ..P
2681 3501 2789 3561 An

539 3604 816 3676 putemus
857 3616 1005 3669 eum,
1055 3596 1159 3673 qui
1187 3594 1551 3654 haereticum
1583 3614 1707 3654 esse
1730 3594 2112 3669 judicaverit,
2143 3593 2481 3669 quicunque
2514 3590 2610 3651 Sti
2640 3591 2789 3650 Hie-

538 3685 770 3760 ronymi
815 3686 1234 3748 auctoritatem
1272 3683 1514 3743 laeserit
1544 3685 1661 3761 (ep.
1696 3682 1754 3754 5,
1799 3703 1856 3760 p.
1893 3684 1973 3741 32
2009 3681 2111 3759 G),
2157 3681 2548 3741 inconsultius
2580 3687 2791 3741 coacta

537 3773 858 3853 projecisse
916 3775 1019 3833 illa
1080 3773 1309 3833 verba?
1403 3771 1523 3844 Qui
1582 3791 1722 3830 vero
1779 3771 2155 3831 nihilosecius
2201 3771 2465 3842 dubitat,
2528 3769 2789 3847 benigne

540 3864 642 3937 eis,
690 3884 843 3940 quae
888 3868 1232 3941 sequuntur,
1279 3861 1511 3919 tribuat
1555 3880 1775 3919 aurem.

717 3953 974 4011 Maxime
1030 3952 1186 4010 enim
1239 3948 1554 4027 perspicua
1600 3948 1671 4008 fit
1714 3952 1979 4026 perfecta
2024 3950 2130 4007 illa
2173 3948 2314 4007 fidei
2359 3948 2560 4007 unitas
2606 3948 2671 4007 in
2716 3969 2789 4007 ea

537 4043 668 4120 ipsa
712 4062 793 4115 re,
840 4041 914 4100 de
962 4061 1081 4118 qua
1126 4038 1548 4099 dissensionem
1595 4038 1795 4116 potius
1840 4058 1949 4097 nos
1993 4038 2341 4098 inventuros
2388 4057 2512 4097 esse
2543 4043 2784 4115 putare·

536 4152 684 4203 mus,
730 4132 781 4189 si
825 4130 970 4208 ipsis
1017 4127 1289 4208 epistulis
1334 4147 1453 4185 non
1499 4127 1670 4186 lectis
1700 4126 1974 4187 Ebrardo
2023 4133 2084 4186 et
2130 4162 2214 4172 --
2262 4125 2408 4203 quid
2451 4126 2644 4202 magis
2677 4125 2784 4184 mi-

536 4220 788 4278 randum
820 4218 953 4278 est?
981 4253 1063 4263 -
1089 4217 1206 4295 ipsi
1229 4216 1545 4275 Warrenio
1578 4218 1658 4293 (p.
1695 4216 1774 4274 37
1802 4220 1958 4294 sqq.)
1990 4216 2165 4275 fidem
2197 4216 2672 4292 adjungeremus,
2695 4248 2785 4259 -—

537 4308 765 4367 scilicet
808 4307 870 4365 in
917 4307 1007 4384 iis,
1055 4326 1206 4383 quae
1252 4305 1326 4364 de
1372 4305 1726 4364 auctoritate
1770 4326 1963 4384 papae
2005 4304 2294 4363 Columba
2342 4303 2614 4381 epistulis
2660 4302 2784 4363 suis

536 4396 760 4471 injecit,
808 4395 1022 4455 verbis.
1099 4395 1252 4455 Nam
1300 4414 1416 4471 quo
1464 4393 1683 4452 certius
1730 4401 1821 4453 est
1867 4396 1964 4469 (ef.
1995 4394 2271 4470 Loening
2313 4392 2402 4466 II,
2449 4414 2508 4471 p.
2542 4393 2672 4450 418
2721 4397 2782 4451 et
