3134 5034
1229 291 1668 347 -67-

505 466 653 539 Sed,
701 466 972 543 quamvis
1016 466 1389 545 repudianda
1434 468 1511 528 sit
1557 468 1705 527 haec
1750 466 1957 527 Skenii
2004 469 2327 540 sententia,
2373 473 2572 527 tamen

320 555 761 614 observandum
810 560 918 628 est,
968 575 1145 632 quam
1192 575 1367 634 saepe
1415 562 1693 615 occurrat
1738 556 1898 634 apud
1943 555 2153 616 800100
2200 554 2296 616 811
2326 557 2574 616 Martini

323 664 541 703 nomen
591 645 687 720 (cf.
720 643 979 702 Warren
1026 646 1134 702 loc.
1180 644 1243 702 in
1289 644 1482 704 indice
1529 647 1779 722 comm.),
1828 664 2004 721 quam
2037 650 2275 704 vetusta
2305 645 2385 704 sit
2415 644 2575 723 apud

324 753 427 791 eos
473 732 666 792 sancti
718 732 880 790 illius
934 732 1241 792 veneratio
1290 734 1387 809 (cf.
1433 734 1649 806 Jonas,
1696 734 1802 793 vit.
1851 732 1977 793 Col.
2025 732 2182 794 Lux.
2228 734 2385 793 Mab.
2433 732 2575 793 Act.

323 819 436 880 88.
483 819 571 894 II,
620 841 755 879 ann.
806 819 952 895 615,
1003 821 1106 892 44,
1151 841 1210 898 p.
1261 823 1363 895 23,
1412 823 1483 882 cf.
1517 824 1622 896 42,
1669 843 1725 900 p.
1760 822 1877 893 22;
1922 821 2261 895 Α11011111011,
2306 822 2416 882 vit.
2447 821 2574 880 Col.

323 909 560 968 Hiiens.
612 909 669 982 3,
720 910 821 983 90,
867 929 926 986 p.
975 910 1148 986 229).
1227 910 1360 984 Qua
1406 910 1479 969 de
1526 930 1704 970 causa
1748 910 2008 987 aliquam
2053 930 2316 987 unquam
2354 910 2574 969 Hiber-

323 998 423 1057 nis
478 1017 610 1056 cum
658 996 753 1056 Sti
797 998 1045 1057 Martini
1090 999 1450 1058 monasterio
1495 999 1988 1058 necessitudinem
2033 999 2212 1059 fuisse
2257 1019 2367 1077 pro
2414 1005 2575 1058 certo

327 1086 668 1145 habendum
715 1085 857 1145 est.1
935 1085 1053 1145 Sed
1099 1088 1293 1163 qualis
1340 1088 1435 1146 vel
1482 1088 1719 1165 quando
1764 1087 1964 1161 fuerit,
2010 1088 2073 1145 in
2121 1088 2370 1147 obscuro
2410 1088 2577 1147 latet.

326 1175 613 1234 Fortasse
653 1178 779 1251 jam
824 1174 952 1253 ipse
997 1175 1297 1234 Patricius
1342 1176 1405 1234 in
1451 1176 1655 1235 multis
1701 1176 1823 1235 suis
1866 1176 2182 1235 itineribus
2229 1176 2407 1235 etiam
2455 1175 2576 1234 Tu·

325 1283 506 1322 renes
551 1263 735 1323 venit.
826 1264 982 1324 Nam
1029 1265 1160 1341 ipso
1206 1263 1471 1324 Patricio
1518 1270 1780 1324 testante
1820 1268 1949 1344 jam
1990 1270 2132 1323 tunc
2178 1265 2241 1322 in
2282 1264 2576 1323 Hibernia

325 1357 506 1410 erant
550 1351 824 1410 monachi
870 1360 932 1411 et
977 1353 1240 1429 virgines
1286 1352 1512 1413 Christi
1544 1353 1878 1431 (Confessio
1925 1375 1983 1431 p.
2034 1354 2160 1411 308
2208 1353 2289 1412 H.
2337 1353 2456 1411 01111
2488 1352 2576 1412 81.

325 1441 418 1513 Π,
467 1441 550 1516 2).
626 1440 859 1516 Itaque,
907 1442 1023 1500 etsi
1068 1462 1235 1500 amor
1278 1442 1380 1500 ille
1434 1442 1598 1502 vitae
1644 1443 2020 1501 monachicae
2067 1449 2128 1501 et
2158 1442 2578 1500 monachorum

326 1530 435 1587 illa
495 1528 790 1590 mirabilis
851 1530 1178 1589 auctoritas
1224 1521 1474 1589 Patricii
1534 1532 1905 1609 temporibus
1966 1530 2030 1588 in
2076 1530 2374 1588 Hibernia
2419 1529 2580 1588 haud

330 1617 514 1676 dubie
561 1636 680 1675 non
721 1620 846 1693 jam
895 1624 1043 1692 erat,
1089 1627 1291 1678 tamen
1331 1622 1457 1695 jam
1501 1626 1647 1679 tunc
1692 1620 1819 1680 vita
1864 1619 2207 1678 monachica
2252 1619 2314 1676 in
2359 1618 2578 1676 Hiber-

331 1706 493 1765 niam
551 1707 842 1766 translata
894 1714 1001 1766 est.
1091 1709 1246 1769 Nam
1293 1729 1402 1786 pro
1449 1716 1611 1769 certo
1660 1714 1931 1768 constare
1976 1728 2105 1766 eam
2152 1707 2389 1766 aliunde
2436 1708 2579 1766 alla-

331 1801 457 1853 tam
506 1815 630 1854 esse
678 1795 741 1852 in
773 1795 1130 1854 Hiberniam
1176 1817 1345 1856 nemo
1393 1798 1508 1857 nisi
1539 1797 1849 1856 Ebrardus
1881 1795 1964 1875 (p.
2003 1797 2154 1872 160)
2187 1796 2407 1854 infitias
2448 1796 2579 1855 ibit.

332 1884 468 1956 Qua
529 1884 600 1942 de
658 1904 832 1942 causa
887 1884 1046 1943 vitae
1101 1887 1477 1945 monachicae
1533 1885 1857 1965 primordia
1912 1884 2073 1962 apud
2119 1882 2329 1943 800100
2376 1885 2579 1943 00110111

329 1978 517 2048 atque
578 1972 722 2031 alibi
783 1992 902 2031 non
959 1994 1083 2032 esse
1138 1994 1258 2033 non
1312 1981 1655 2053 potuerunt.
1747 1972 1867 2032 8011
1912 1979 1981 2031 111
2027 1974 2143 2030 11110
2189 1973 2458 2049 germani
2503 1972 2579 2032 si-

333 2061 567 2119 millimi
612 2061 769 2119 inter
814 2082 877 2120 se
923 2062 987 2119 in
1033 2063 1292 2139 pueritia
1338 2082 1473 2123 suos
1515 2063 1784 2140 quisque,
1833 2081 1964 2119 cum
1997 2061 2342 2135 adoleverit,
2390 2081 2580 2119 mores

334 2149 614 2222 ostendit,
661 2149 747 2208 ita
794 2156 857 2210 et
903 2148 1215 2209 Scotorum
1261 2152 1387 2211 vita
1432 2151 1793 2210 monachica.

516 2239 676 2312 Quin
736 2239 917 2298 etiam
976 2239 1134 2299 inter
1191 2241 1352 2316 ipsos
1398 2239 1609 2300 800100
1667 2240 1837 2299 varia
1897 2238 2315 2297 monachorum
2362 2257 2582 2314 genera

330 2326 759 2403 distinguenda
821 2347 947 2387 esse
1007 2349 1125 2387 non
1187 2331 1375 2388 solum
1438 2331 1744 2407 catalogus
1788 2326 2170 2400 Sanctorum,
2232 2327 2293 2384 in
2358 2346 2475 2403 quo
2523 2329 2583 2385 et

330 2415 579 2473 secundi
625 2420 686 2473 et
726 2417 889 2475 tertii
922 2418 1146 2477 ordinis
1180 2424 1415 2477 sanctos
1448 2417 1709 2478 diversas
1737 2413 1968 2498 regulas
1997 2415 2273 2475 habuisse
2307 2414 2585 2473 dicuntur

335 2502 440 2578 (H.
489 2504 606 2561 and
654 2501 742 2562 St.
787 2504 875 2576 II,
925 2507 981 2577 2,
1027 2527 1084 2583 p.
1136 2508 1261 2564 292
1311 2509 1425 2583 sq),
1487 2507 1658 2566 testis
1721 2513 1834 2578 est,
1898 2506 2001 2564 sed
2061 2505 2192 2581 ipsa
2236 2523 2329 2561 res
2377 2502 2581 2575 docet3

332 2591 526 2666 (aliud
558 2591 962 2652 testimonium
1003 2595 1162 2672 apud
1185 2596 1387 2669 Usser,
1421 2591 1673 2671 Antiqu.
1699 2616 1757 2672 p.
1786 2595 1957 2671 919).
2020 2592 2297 2652 Omnium
2329 2592 2582 2650 maxime
2626 2595 2629 2598 ’

331 2681 492 2739 inter
515 2701 578 2739 se
602 2679 956 2740 differebant
977 2703 1164 2760 genus
1189 2704 1405 2757 eorum,
1451 2684 1638 2761 quiin
1662 2681 2037 2742 monasteriis
2060 2681 2254 2740 medio
2276 2681 2339 2738 in
2360 2681 2580 2758 populo

331 2769 679 2828 constitutis
723 2770 909 2829 vitam
955 2778 1200 2847 agentes
1246 2771 1595 2849 corrigendo
1638 2772 1859 2849 populo
1890 2791 2130 2848 operam
2162 2770 2466 2829 navabant
2497 2804 2582 2815 —

330 2857 398 2914 hi
457 2857 745 2917 simillimi
803 2860 1149 2934 posterioris
1205 2862 1489 2938 temporis
1544 2858 1842 2917 canonicis
1895 2891 1970 2903 -·
2022 2865 2085 2917 et
2128 2878 2314 2934 genus
2362 2878 2582 2930 eorum,

333 2945 441 3021 qui
504 2946 880 3004 eremitarum
943 2966 1106 3005 more
1167 2949 1419 3006 solitarii
1481 2948 1669 3006 vitam
1726 2947 2003 3024 agebant.
2098 2946 2193 3004 De
2239 2945 2357 3003 illis
2403 2965 2583 3023 supra

333 3035 488 3093 satis
537 3040 627 3093 est
673 3034 1061 3112 disputatum,
1109 3035 1182 3095 de
1228 3037 1319 3096 his
1364 3057 1554 3115 pauca
1602 3035 1833 3094 addam.
1968 3035 1977 3042 ’

517 3124 612 3181 Αο
673 3123 929 3200 primum
992 3124 1228 3202 quidem
1274 3128 1467 3184 facere
1513 3147 1631 3195 non
1679 3144 1946 3202 possum,
2008 3123 2154 3201 quin
2202 3121 2410 3181 Skenii
2455 3142 2583 3181 sen·

335 3212 589 3271 tentiam
634 3212 994 3289 impugnem,
1043 3213 1146 3291 qui
1194 3216 1305 3274 etsi
1336 3234 1455 3273 non
1486 3221 1669 3290 negat
1715 3213 2036 3272 Columbae
2061 3215 2185 3287 jam
2215 3211 2585 3288 temporibus

333 3301 635 3359 exstitisse
668 3302 960 3374 eremitas,
1007 3310 1207 3361 tamen
1239 3303 1399 3381 apud
1429 3304 1595 3363 tertii
1626 3304 1859 3361 demum
1892 3301 2114 3359 ordinis
2144 3307 2397 3371 00110100,
2452 3296 2592 3380 „qui

334 3389 399 3449 in
444 3387 684 3449 desertis
738 3385 1136 3463 habitabanffl,
1183 3391 1343 3450 illam
1389 3390 1633 3451 vivendi
1679 3389 1968 3448 rationem
2015 3388 2376 3446 increbuisse
2408 3392 2588 3464 putat

336 3477 452 3554 (II,
500 3500 557 3556 p.
593 3477 720 3535 248
769 3483 943 3555 sqq.).
1022 3478 1208 3554 Cujus
1255 3481 1340 3538 rei
1388 3499 1519 3537 cum
1564 3485 1804 3555 praeter
1851 3478 2184 3553 catalogum
2232 3475 2587 3534 Sanctorum

337 3569 568 3625 nullum
615 3573 811 3627 exstet
854 3569 1257 3627 testimonium
1291 3602 1375 3614 --
1407 3588 1598 3644 neque
1643 3587 1825 3625 unum
1870 3566 2019 3623 illud
2066 3563 2357 3642 expressis
2388 3564 2586 3623 verbis

490 3744 511 3773 ²
547 3739 766 3809 Itaque,
808 3757 935 3794 cum
976 3741 1034 3792 in
1069 3741 1192 3808 ipso
1222 3740 1537 3793 Turonensi
1576 3738 1920 3792 monasterio
1948 3737 2308 3791 inveniantur
2335 3737 2587 3805 episcopi

340 3812 771 3867 monasteriales
813 3810 1135 3880 (Harttung
1171 3828 1226 3878 p.
1269 3811 1361 3878 34)
1412 3827 1595 3879 neque
1635 3811 1821 3864 desint
1869 3809 2222 3873 testimonia,
2275 3825 2344 3861 ex
2383 3808 2586 3877 quibus

338 3885 521 3939 liceat
558 3883 835 3951 suspicari
871 3883 1052 3935 multo
1094 3882 1469 3950 antiquiorem
1508 3898 1629 3936 esse
1668 3882 1727 3934 in
1755 3880 1943 3937 Gallia
1980 3880 2143 3933 illum
2179 3896 2394 3932 morem
2419 3884 2589 3948 qua'm

341 3957 547 4024 prima,
590 3970 733 4022 quae
773 3952 1152 4021 Harttungius
1190 3953 1423 4021 profert,
1467 3952 1588 4021 ejus
1627 3954 1885 4021 exempla
1922 3950 2018 4020 (cf.
2057 3949 2350 4017 Harttung
2386 3967 2440 4017 p.
2472 3949 2586 4016 34),

340 4032 570 4080 tantum
609 4024 785 4088 abest,
825 4027 891 4076 ut
915 4027 1071 4077 certa
1096 4024 1226 4088 sint,
1269 4040 1412 4092 quae
1438 4022 1821 4091 Harttungius
1849 4024 1919 4076 de
1948 4021 2167 4091 origine
2196 4021 2589 4088 episcoporum

341 4095 833 4150 monasterialium
874 4095 1140 4163 opinatus
1179 4100 1288 4159 est,
1329 4098 1394 4147 ut
1430 4095 1604 4147 liceat
1639 4099 1858 4162 putare,
1900 4093 2100 4147 800100
2139 4109 2172 4145 0
2209 4091 2390 4145 Gallis
2428 4091 2588 4144 illum

340 4184 565 4223 morem
605 4167 908 4235 accepisse.
975 4164 1090 4218 Sed
1126 4165 1187 4217 in
1222 4165 1409 4218 medio
1448 4164 1632 4218 adhuc
1672 4164 2040 4234 relinquenda
2075 4167 2161 4216 est
2185 4163 2323 4216 haec
2351 4162 2586 4231 questi0,

344 4241 532 4293 donec
584 4238 707 4307 ipse
746 4237 1152 4306 Harttungius,
1207 4236 1303 4303 qui
1340 4235 1554 4303 primus
1596 4237 1912 4301 accuratius
1952 4235 2022 4287 de
2060 4234 2165 4287 hac
2204 4251 2266 4286 re
2308 4233 2588 4298 disseruit,

342 4311 440 4364 vel
482 4309 626 4363 alius
665 4308 892 4378 quidam
933 4307 1187 4359 funditus
1227 4306 1594 4374 exquisiverit
1629 4306 1773 4360 hanc
1800 4323 1938 4371 rem,
1979 4306 2158 4358 multo
2187 4304 2588 4368 difficiliorem,

340 4399 519 4451 quam
557 4384 621 4433 ut
658 4380 850 4447 paucis
889 4377 1249 4447 dijudicetur.

2093 4465 2164 4519 5*
