3134 5034
1489 264 1925 323 ...28-

592 444 791 521 aliquo
833 447 969 520 jure
1014 444 1217 523 putari
1260 449 1463 523 potest
1507 444 1719 503 horum
1750 443 2067 503 Britonum
2114 443 2423 523 episcopus
2455 444 2560 520 (H.
2592 442 2710 502 and
2741 443 2839 503 St.

588 534 627 591 l.
673 554 720 592 c.
768 532 964 592 Skene
1008 533 1095 606 II,
1140 554 1198 611 p.
1248 534 1377 609 29).

768 621 969 681 Ceteri
1019 621 1297 681 Britones
1343 621 1650 680 Romanae
1711 622 1990 681 ecclesiae
2047 642 2165 680 non
2211 622 2376 701 prius
2423 642 2601 699 quam
2646 642 2839 700 regno

589 710 926 788 Anglorum
987 710 1234 769 adunati
1290 716 1443 770 sunt.
1535 711 1712 784 Quod
1759 711 1844 769 ita
1900 712 2165 769 futurum
2213 730 2336 771 esse
2382 709 2667 790 apparuit
2704 714 2837 787 jam

588 820 742 858 611116
794 800 938 857 705.
1014 799 1146 872 Quo
1192 819 1349 857 anno
1397 800 1494 877 (cf.
1539 799 1622 857 H.
1667 799 1786 857 and
1831 798 1921 858 St.
1950 799 2071 872 ΠΙ,
2118 821 2175 878 p.
2219 800 2374 876 268)
2420 820 2551 858 611111
2583 798 2838 858 Aldhel·

590 909 744 962 mus,
803 888 990 947 abbas
1034 887 1553 947 Malmesburensis
1593 889 1843 964 jubente
1889 887 2150 965 synodo¹
2193 889 2257 947 in
2300 889 2518 948 finibus
2562 889 2834 948 occiden-

590 977 798 1036 talium
855 974 1159 1036 Saxonum
1220 983 1582 1055 congregata
1639 974 1933 1037 Geruntio
1993 977 2121 1054 regi
2165 978 2537 1036 Damnoniae
2597 978 2835 1038 litteras

590 1066 846 1126 misisset
892 1066 1091 1142 (Jaffs,
1139 1064 1297 1125 Bibl.
1339 1087 1453 1124 rer.
1486 1064 1688 1124 Germ.
1722 1065 1842 1139 III,
1890 1087 1981 1144 ep.
2018 1067 2099 1141 1),
2145 1066 2361 1142 quibus
2406 1067 2599 1144 ipsum
2630 1087 2832 1144 regem

589 1160 651 1214 et
681 1154 963 1214 Britones
1010 1156 1065 1213 ei
1108 1155 1378 1214 subditos
1410 1154 1688 1212 ecclesiae
1718 1154 2025 1214 Romanae
2056 1156 2466 1214 reconciliaret
2500 1191 2575 1199 —
2614 1157 2832 1229 verbis,

589 1244 780 1317 credo,
826 1243 1227 1322 asperioribus
1275 1244 1371 1319 (cf.
1404 1243 1625 1320 Bright
1669 1264 1727 1319 p.
1762 1243 1916 1319 421)
1952 1279 2033 1288 -—-
2068 1244 2216 1302 adeo
2262 1264 2500 1322 operam
2547 1245 2830 1324 perdidit,

589 1337 657 1390 ut
714 1333 865 1390 nulli
911 1333 1227 1391 Britonum
1283 1333 1483 1392 verbis
1540 1335 1667 1408 ejus
1714 1334 2195 1411 obtemperarent
2240 1332 2354 1391 nisi
2399 1334 2469 1406 ii,
2532 1333 2636 1410 qui
2681 1332 2829 1393 occi·

590 1421 930 1480 dentalibus
962 1419 1298 1480 Saxonibus
1338 1425 1462 1497 jam
1510 1423 1765 1498 subjecti
1811 1430 1981 1481 erant
2026 1422 2086 1499 (i.
2134 1443 2181 1481 e.
2230 1423 2301 1496 ei,
2350 1423 2454 1498 qui
2492 1423 2833 1482 incolebant

587 1509 907 1586 regionem,
956 1510 1049 1568 cui
1094 1510 1269 1568 hodic
1300 1531 1513 1569 nomen
1545 1516 1637 1569 est
1668 1508 1977 1583 Smer-set,
2009 1509 2178 1570 Beda
2205 1511 2263 1571 h.
2297 1533 2345 1571 e.
2380 1512 2436 1586 5,
2478 1512 2555 1570 18
2588 1513 2624 1590 ξ
2657 1512 2828 1588 410),

586 1598 631 1655 11
678 1606 874 1659 61116111
907 1599 1187 1658 Britones
1234 1599 1337 1675 qui
1384 1599 1664 1659 libertate
1712 1600 1891 1659 etiam
1938 1606 2081 1660 tunc
2125 1602 2481 1660 fruebantur
2520 1599 2828 1661 domestico

587 1685 701 1747 sibi
750 1686 885 1748 odio
926 1696 1153 1769 yentem
1199 1685 1537 1771 Anylorum
1583 1697 1635 1749 et
1677 1687 1849 1748 totius
1893 1686 2155 1749 ecclesiae
2200 1698 2414 1750 statam
2450 1687 2677 1772 pascha
2717 1688 2825 1749 im·

580 1795 852 1856 puynare
896 1784 1214 1855 pergerent
1259 1778 1452 1855 (Beda
1498 1778 1555 1837 h.
1590 1800 1636 1837 e.
1672 1779 1728 1851 5,
1779 1779 1861 1837 23
1911 1781 1945 1857 ξ
1993 1779 2149 1857 451)
2195 1814 2270 1823 —
2307 1781 2492 1839 donec
2523 1779 2829 1856 Egbertus

589 1885 694 1923 rex
740 1866 910 1926 bellis
958 1887 1112 1925 anno
1161 1868 1307 1940 813,
1358 1868 1506 1941 823,
1555 1867 1684 1925 825
1732 1867 1916 1944 gestis
1946 1868 2343 1929 Damnoniam
2388 1888 2573 1946 regno
2621 1889 2725 1928 suo
2766 1874 2828 1927 et

589 1955 869 2015 ecclesiae
916 1955 1223 2015 Romanae
1271 1956 1544 2032 adjunxit
1591 1955 1734 2032 (vid.
1780 1957 1860 2015 H.
1908 1958 2026 2016 and
2072 1955 2159 2017 St.
2206 1957 2258 2030 I,
2304 1980 2361 2036 p.
2413 1960 2492 2016 67
2501 1958 2542 2015 3
2587 1958 2715 2033 sq.).

764 2043 1054 2104 Similiter
1096 2044 1160 2103 in
1193 2045 1490 2119 Gambria,
1538 2048 1705 2121 cujus
1751 2046 2013 2125 episcopi
2053 2049 2179 2122 J‘am
2225 2046 2385 2105 intra
2431 2065 2647 2106 annum
2698 2044 2824 2104 755

587 2138 648 2191 61
696 2133 823 2191 809
871 2133 933 2192 vi
979 2134 1169 2194 coacti
1216 2156 1252 2193 a
1281 2133 1653 2193 saxonibus²
1696 2135 1917 2213 partim
1946 2135 2280 2194 Romanum
2326 2136 2546 2213 pascha
2586 2154 2823 2212 accepe-

584 2228 740 2294 rant,
788 2222 1090 2282 schismati
1134 2223 1309 2282 simul
1357 2243 1488 2282 cum
1527 2223 1809 2284 libertate
1852 2226 1927 2283 ab
1970 2224 2174 2283 eodem
2206 2224 2475 2301 Egberto
2507 2244 2660 2283 anno
2694 2225 2822 2283 816

584 2309 717 2368 finis
762 2311 1074 2388 impositus
1116 2317 1222 2370 est.

671 2466 684 2481 .
761 2399 858 2459 Ex
887 2400 979 2459 his
1011 2400 1283 2460 omnibus
1317 2421 1449 2460 611111
1482 2407 1772 2480 appareat
1802 2402 2267 2462 controversiam
2298 2403 2457 2461 inter
2488 2401 2823 2479 Anglorum

584 2495 646 2548 et
674 2488 994 2548 Britonum
1033 2490 1305 2550 ecclesias
1335 2489 1537 2568 potius
1567 2491 1748 2549 fuisse
1778 2491 1998 2549 bellum
2032 2491 2189 2550 i‘nter
2217 2491 2392 2550 hasce
2423 2491 2569 2550 duas
2591 2495 2821 2568 gentes,

584 2578 962 2637 manifestum
1009 2584 1099 2638 est
1154 2579 1535 2639 dissensionis
1584 2580 2011 2639 ecclesiasticae
2055 2580 2506 2658 amplitudinem
2551 2600 2659 2639 1168
2705 2599 2819 2638 non

583 2686 753 2743 posse
801 2666 1000 2725 metiri
1047 2667 1485 2727 controversiae
1533 2668 1875 2728 acerbitate.
1967 2668 2139 2727 Inter
2186 2669 2459 2728 ecclesias
2506 2669 2820 2728 Britonum

583 2761 645 2814 et
675 2754 1208 2834 Anglo-Saxonum
1252 2756 1539 2816 dissensio
1588 2778 1704 2816 non
1752 2762 1881 2816 erat
1925 2757 2039 2816 nisi
2086 2757 2159 2816 de
2206 2758 2645 2836 computatione
2683 2757 2821 2817 festi

582 2845 875 2922 paschalis
922 2852 983 2905 et
1029 2846 1100 2904 de
1148 2846 1445 2906 nonnullis
1491 2846 1707 2906 ritibus
1754 2846 2180 2906 ecclesiasticis.

757 2934 924 3012 Ergo
973 2955 1343 3012 nequaquam
1390 2955 1500 3014 pro
1529 2935 1662 3009 fide,
1710 2935 1812 2994 vix
1841 2955 1951 3014 pro
1984 2937 2260 3009 moribus,
2309 2941 2470 2995 certo
2501 2956 2612 3016 pro
2642 2937 2817 2995 liber-

580 3027 706 3081 tate
751 3022 1032 3083 Britones
1077 3043 1209 3095 cum
1255 3023 1596 3085 Saxonibus
1639 3031 2076 3103 pugnaverunt.

758 3111 965 3189 Longe
1013 3113 1191 3172 aliter
1228 3114 1616 3190 judicandum
1662 3120 1753 3173 est
1782 3114 1856 3171 de
1888 3113 2287 3172 controversia
2318 3114 2476 3173 inter
2506 3113 2818 3174 Scotorum

582 3205 643 3258 et
700 3198 1039 3278 Anglorum
1099 3203 1393 3262 ecclesias.
1500 3203 1854 3277 Quanquam
1915 3201 2070 3259 enim
2128 3204 2426 3280 permulta
2488 3204 2818 3262 communia

580 3289 759 3349 fuisse
791 3291 1071 3350 ecclesiae
1103 3290 1419 3351 Scotorum
1452 3298 1513 3351 et
1541 3291 1860 3349 Britonum
1892 3310 2064 3348 nemo
2097 3298 2203 3364 est,
2237 3291 2339 3366 qui
2370 3298 2563 3369 neget,
2605 3299 2820 3366 tamen,

580 3378 682 3454 qui
742 3379 964 3439 fuerint
1024 3381 1333 3458 utriusque
1396 3400 1614 3453 mores,
1675 3380 1851 3457 plane
1911 3380 2184 3456 cognosci
2230 3401 2347 3439 non
2392 3387 2592 3458 potest
2638 3381 2686 3440 81
2743 3415 2813 3424 --

580 3467 738 3542 quod
782 3469 1055 3546 plurimis
1099 3471 1344 3548 placuit,
1391 3490 1510 3527 non
1557 3487 1695 3528 vero
1744 3467 1888 3527 viris
1935 3467 2290 3528 doctissimis
2334 3469 2413 3530 H.
2461 3470 2579 3528 and
2626 3469 2712 3529 St.
2762 3474 2823 3528 et

579 3562 784 3615 nostro
817 3557 1109 3619 Schoellio
1142 3559 1246 3619 sed
1276 3558 1428 3637 proh
1461 3558 1659 3617 dolor!
1700 3556 1845 3635 ipsis
1876 3556 2020 3616 viris
2049 3577 2275 3617 summa
2307 3558 2613 3618 doctrinae
2646 3558 2823 3617 laude

581 3644 803 3721 dignis,
862 3647 1143 3726 Brightio
1203 3652 1262 3706 et
1306 3646 1624 3706 Warrenio
1672 3681 1757 3690 —
1803 3666 1922 3704 una
1968 3654 2029 3706 et
2077 3648 2278 3706 eadem
2326 3648 2822 3707 commentatione

728 3875 749 3906 ²
789 3874 953 3928 Hanc
992 3872 1269 3940 synodum
1305 3873 1543 3926 eandem
1583 3889 1717 3937 esse,
1773 3874 1864 3926 cui
1901 3873 2250 3928 Winfridum
2288 3874 2608 3928 interfuisse
2644 3875 2822 3929 refert

592 3944 950 4027 Willibaldus
990 3944 1099 4026 yit.
1139 3943 1280 3996 Bon.
1323 3941 1500 4007 Jaffe,
1554 3943 1705 3996 Bibl.
1745 3962 1854 3997 rer.
1896 3944 2085 3998 Germ.
2124 3943 2234 4010 III,
2277 3964 2332 4014 p.
2373 3946 2478 4001 439
2515 3947 2634 3999 sine
2663 3947 2820 4015 justa

584 4032 754 4118 caus}
789 4018 1005 4150 {ffiagi
1027 4012 1270 4150 ὥξνξγέἓ
1277 4012 1565 4153 ’111ἓῆἒὲ
1577 4014 1686 4154 11116
1697 4014 2435 4155 Il‘ibfi-l734v1'1iio.¹⁵⁶Lzla.)1⁴)peuberg,
2479 4087 2678 4142 Gesch.
2707 4105 2819 4141 von

582 4157 795 4226 Engld.
834 4173 888 4223 p.
918 4153 1144 4221 XLIII)
1182 4171 1230 4207 a.
1302 4193 1313 4206 .
1345 4153 1478 4210 755:
1518 4159 1693 4210 caster
1727 4173 1839 4211 was
1875 4157 2112 4227 changed
2133 4157 2197 4212 in
2224 4156 2500 4225 Gywnedd
2525 4158 2621 4227 (of.
2651 4176 2820 4226 supra

584 4247 641 4297 p.
684 4227 776 4296 13)
814 4226 881 4295 by
919 4225 1003 4277 the
1039 4224 1220 4278 advice
1252 4225 1323 4293 of
1340 4225 1529 4292 Elvod,
1567 4226 1777 4295 bischop
1814 4230 1886 4294 of
1899 4227 2028 4282 Ban
2063 4245 2141 4294 or,
2180 4228 2275 4281 but
2297 4228 2383 4281 the
2407 4229 2555 4283 other
2580 4228 2819 4296 bischops

582 4299 677 4352 did
713 4299 809 4351 not
843 4311 1041 4349 concur
1074 4295 1315 4364 thereim
1351 4313 1422 4351 on
1455 4297 1626 4352 which
1657 4302 1883 4352 account
1906 4299 1992 4352 the
2056 4314 2230 4352 amone
2254 4297 2481 4352 invaded
2506 4299 2591 4353 the
2617 4299 2819 4369 Cymry

574 4370 645 4439 ‚in
681 4367 850 4423 South
886 4365 1065 4421 Wales
1104 4367 1209 4437 (H.
1250 4368 1362 4424 and
1397 4368 1478 4422 St.
1507 4368 1559 4435 I,
1590 4386 1651 4437 p.
1678 4371 1801 4424 204
1840 4369 2172 4425 translatum
2208 4385 2278 4423 ex
2313 4384 2554 4425 sermone
2580 4369 2816 4441 Celtico).
